@PhdThesis{Schoute2021,
  author      = {Eddie Schoute},
  title       = {Quantum routing for architecture-respecting circuit transformations},
  institution = {University of Maryland College Park},
  year        = {2021},
}

@article{Acevedo14,
	Author = {Acevedo, O. L. and Quiroga, L. and Rodr\'{\i}guez, F. J. and Johnson, N. F.},
	Date-Added = {2020-05-19 01:58:53 -0400},
	Date-Modified = {2020-05-19 01:58:53 -0400},
	Doi = {10.1103/PhysRevLett.112.030403},
	Issue = {3},
	Journal = {Phys. Rev. Lett.},
	Month = {Jan},
	Numpages = {5},
	Pages = {030403},
	Publisher = {American Physical Society},
	Title = {New Dynamical Scaling Universality for Quantum Networks Across Adiabatic Quantum Phase Transitions},
	Url = {https://link.aps.org/doi/10.1103/PhysRevLett.112.030403},
	Volume = {112},
	Year = {2014},
	Bdsk-Url-1 = {https://link.aps.org/doi/10.1103/PhysRevLett.112.030403},
	Bdsk-Url-2 = {https://doi.org/10.1103/PhysRevLett.112.030403}}

@misc{bigO,
	Date-Added = {2020-05-19 01:58:53 -0400},
	Date-Modified = {2020-05-19 01:58:53 -0400},
	Note = {The ``big-$\mathcal{O}$'' notation $f(x) = \O{g(x)}$ indicates the existence of constants $c_1$ and $N_1$ such that $0\le f(x) \le c_1g(x)$ for all $x\ge N_1$. We also use the ``big-$\Omega$'' notation $f(x) = \W{g(x)}$ to indicate that $g(x) = \O{f(x)}$. Finally, we use the ``big-$\Theta$'' notation $f(x)=\Theta(g(x))$ when both $f(x)=\O {g(x)}$ and $f(x) = \W {g(x)}$.}}

@article{Blatt12,
	Author = {Blatt, R. and Roos, C. F.},
	Date = {2012/04/02/online},
	Date-Added = {2020-05-19 01:58:53 -0400},
	Date-Modified = {2020-05-19 01:58:53 -0400},
	Day = {02},
	Journal = {Nature Physics},
	L3 = {10.1038/nphys2252;},
	M3 = {Review Article},
	Month = {04},
	Pages = {277},
	Publisher = {Nature Publishing Group SN -},
	Title = {Quantum simulations with trapped ions},
	Ty = {JOUR},
	Url = {https://doi.org/10.1038/nphys2252},
	Volume = {8},
	Year = {2012},
	Bdsk-Url-1 = {https://doi.org/10.1038/nphys2252}}

@article{Bollinger17,
	Author = {G{\"a}rttner, Martin and Bohnet, Justin G. and Safavi-Naini, Arghavan and Wall, Michael L. and Bollinger, John J. and Rey, Ana Maria},
	Date-Added = {2020-05-19 01:58:53 -0400},
	Date-Modified = {2020-05-19 01:58:53 -0400},
	Journal = {Nat. Phys.},
	Month = {05},
	Pages = {781},
	Title = {Measuring out-of-time-order correlations and multiple quantum spectra in a trapped-ion quantum magnet},
	Url = {https://doi.org/10.1038/nphys4119},
	Volume = {13},
	Year = {2017},
	Bdsk-Url-1 = {https://doi.org/10.1038/nphys4119}}

@article{BravyiHM10,
	Author = {Bravyi,Sergey and Hastings,Matthew B. and Michalakis,Spyridon},
	Date-Added = {2020-05-19 01:58:53 -0400},
	Date-Modified = {2020-05-19 01:58:53 -0400},
	Doi = {10.1063/1.3490195},
	Journal = {J. Math. Phys.},
	Number = {9},
	Pages = {093512},
	Title = {Topological quantum order: Stability under local perturbations},
	Url = {https://doi.org/10.1063/1.3490195},
	Volume = {51},
	Year = {2010},
	Bdsk-Url-1 = {https://doi.org/10.1063/1.3490195}}

@article{Britton12,
	Author = {Britton, Joseph W. and Sawyer, Brian C. and Keith, Adam C. and Wang, C. -C Joseph and Freericks, James K. and Uys, Hermann and Biercuk, Michael J. and Bollinger, John J.},
	Date-Added = {2020-05-19 01:58:53 -0400},
	Date-Modified = {2020-05-19 01:58:53 -0400},
	Day = {25},
	Journal = {Nature},
	Month = {Apr},
	Pages = {489},
	Publisher = {Nature Publishing Group, a division of Macmillan Publishers Limited. All Rights Reserved.},
	Title = {{Engineered two-dimensional Ising interactions in a trapped-ion quantum simulator with hundreds of spins}},
	Url = {http://dx.doi.org/10.1038/nature10981},
	Volume = {484},
	Year = {2012},
	Bdsk-Url-1 = {http://dx.doi.org/10.1038/nature10981}}

@article{Cevolani18,
	Author = {Cevolani, Lorenzo and Despres, Julien and Carleo, Giuseppe and Tagliacozzo, Luca and Sanchez-Palencia, Laurent},
	Date-Added = {2020-05-19 01:58:53 -0400},
	Date-Modified = {2020-05-19 01:58:53 -0400},
	Doi = {10.1103/PhysRevB.98.024302},
	Issue = {2},
	Journal = {Phys. Rev. B},
	Month = {Jul},
	Numpages = {9},
	Pages = {024302},
	Publisher = {American Physical Society},
	Title = {Universal scaling laws for correlation spreading in quantum systems with short- and long-range interactions},
	Url = {https://link.aps.org/doi/10.1103/PhysRevB.98.024302},
	Volume = {98},
	Year = {2018},
	Bdsk-Url-1 = {https://link.aps.org/doi/10.1103/PhysRevB.98.024302},
	Bdsk-Url-2 = {https://doi.org/10.1103/PhysRevB.98.024302}}

@article{Childs09,
	Author = {Childs, Andrew M.},
	Date-Added = {2020-05-19 01:58:53 -0400},
	Date-Modified = {2020-05-19 01:58:53 -0400},
	Doi = {10.1103/PhysRevLett.102.180501},
	Issue = {18},
	Journal = {Phys. Rev. Lett.},
	Month = {May},
	Numpages = {4},
	Pages = {180501},
	Publisher = {American Physical Society},
	Title = {Universal Computation by Quantum Walk},
	Url = {https://link.aps.org/doi/10.1103/PhysRevLett.102.180501},
	Volume = {102},
	Year = {2009},
	Bdsk-Url-1 = {https://link.aps.org/doi/10.1103/PhysRevLett.102.180501},
	Bdsk-Url-2 = {https://doi.org/10.1103/PhysRevLett.102.180501}}

@article{Cotler18,
	Author = {Cotler, Jordan and Han, Xizhi and Qi, Xiao-Liang and Yang, Zhao},
	Da = {2019/07/08},
	Date-Added = {2020-05-19 01:58:53 -0400},
	Date-Modified = {2020-05-19 01:58:53 -0400},
	Doi = {10.1007/JHEP07(2019)042},
	Id = {Cotler2019},
	Isbn = {1029-8479},
	Journal = {Journal of High Energy Physics},
	Number = {7},
	Pages = {42},
	Title = {Quantum causal influence},
	Ty = {JOUR},
	Url = {https://doi.org/10.1007/JHEP07(2019)042},
	Volume = {2019},
	Year = {2019},
	Bdsk-Url-1 = {https://doi.org/10.1007/JHEP07(2019)042}}

@article{Couch19,
	Author = {Josiah Couch and Stefan Eccles and Phuc Nguyen and Brian Swingle and Shenglong Xu},
	Date-Added = {2020-05-19 01:58:53 -0400},
	Date-Modified = {2020-05-19 01:58:53 -0400},
	Eprint = {arXiv:1908.06993},
	Title = {The Speed of Quantum Information Spreading in Chaotic Systems},
	Year = {2019}}

@book{Dauxois,
	Author = {Dauxois, Thierry and Ruffo, Stefano and Arimondo, Ennio and Wilkens, Martin},
	Date-Added = {2020-05-19 01:58:53 -0400},
	Date-Modified = {2020-05-19 01:58:53 -0400},
	Doi = {10.1007/3-540-45835-2_1},
	Isbn = {978-3-540-45835-7},
	Pages = {1--19},
	Publisher = {Springer Berlin Heidelberg},
	Title = {Dynamics and Thermodynamics of Systems with Long-Range Interactions: An Introduction},
	Url = {https://doi.org/10.1007/3-540-45835-2_1},
	Year = {2002},
	Bdsk-Url-1 = {https://doi.org/10.1007/3-540-45835-2_1}}

@article{Defenu18,
	Author = {Defenu, Nicol\`o and Enss, Tilman and Kastner, Michael and Morigi, Giovanna},
	Date-Added = {2020-05-19 01:58:53 -0400},
	Date-Modified = {2020-05-19 01:58:53 -0400},
	Doi = {10.1103/PhysRevLett.121.240403},
	Issue = {24},
	Journal = {Phys. Rev. Lett.},
	Month = {Dec},
	Numpages = {6},
	Pages = {240403},
	Publisher = {American Physical Society},
	Title = {Dynamical Critical Scaling of Long-Range Interacting Quantum Magnets},
	Url = {https://link.aps.org/doi/10.1103/PhysRevLett.121.240403},
	Volume = {121},
	Year = {2018},
	Bdsk-Url-1 = {https://link.aps.org/doi/10.1103/PhysRevLett.121.240403},
	Bdsk-Url-2 = {https://doi.org/10.1103/PhysRevLett.121.240403}}

@article{Deshpande18,
	Author = {Deshpande, Abhinav and Fefferman, Bill and Tran, Minh C. and Foss-Feig, Michael and Gorshkov, Alexey V.},
	Date-Added = {2020-05-19 01:58:53 -0400},
	Date-Modified = {2020-05-19 01:58:53 -0400},
	Doi = {10.1103/PhysRevLett.121.030501},
	Issue = {3},
	Journal = {Phys. Rev. Lett.},
	Month = {Jul},
	Numpages = {6},
	Pages = {030501},
	Publisher = {American Physical Society},
	Title = {Dynamical Phase Transitions in Sampling Complexity},
	Url = {https://link.aps.org/doi/10.1103/PhysRevLett.121.030501},
	Volume = {121},
	Year = {2018},
	Bdsk-Url-1 = {https://link.aps.org/doi/10.1103/PhysRevLett.121.030501},
	Bdsk-Url-2 = {https://doi.org/10.1103/PhysRevLett.121.030501}}

@article{Deshpande19,
	Author = {Nishad Maskara and Abhinav Deshpande and Minh C. Tran and Adam Ehrenberg and Bill Fefferman and Alexey V. Gorshkov},
	Date-Added = {2020-05-19 01:58:53 -0400},
	Date-Modified = {2020-05-19 01:58:53 -0400},
	Eprint = {arXiv:1906.04178},
	Title = {Complexity phase diagram for interacting and long-range bosonic Hamiltonians},
	Year = {2019}}

@article{Douglas15,
	Author = {Douglas, J. S. and Habibian, H. and Hung, C.-L. and Gorshkov, A. V. and Kimble, H. J. and Chang, D. E.},
	Date-Added = {2020-05-19 01:58:53 -0400},
	Date-Modified = {2020-05-19 01:58:53 -0400},
	Day = {06},
	Journal = {Nat. Photonics},
	Month = {Apr},
	Pages = {326},
	Publisher = {Nature Publishing Group},
	Title = {Quantum many-body models with cold atoms coupled to photonic crystals},
	Url = {http://dx.doi.org/10.1038/nphoton.2015.57},
	Volume = {9},
	Year = {2015},
	Bdsk-Url-1 = {http://dx.doi.org/10.1038/nphoton.2015.57}}

@article{Eisert13,
	Author = {Eisert, Jens and van den Worm, Mauritz and Manmana, Salvatore R. and Kastner, Michael},
	Date-Added = {2020-05-19 01:58:53 -0400},
	Date-Modified = {2020-05-19 01:58:53 -0400},
	Doi = {10.1103/PhysRevLett.111.260401},
	Issue = {26},
	Journal = {Phys. Rev. Lett.},
	Month = {Dec},
	Numpages = {5},
	Pages = {260401},
	Publisher = {American Physical Society},
	Title = {Breakdown of Quasilocality in Long-Range Quantum Lattice Models},
	Url = {https://link.aps.org/doi/10.1103/PhysRevLett.111.260401},
	Volume = {111},
	Year = {2013},
	Bdsk-Url-1 = {https://link.aps.org/doi/10.1103/PhysRevLett.111.260401},
	Bdsk-Url-2 = {https://doi.org/10.1103/PhysRevLett.111.260401}}

@article{Eldredge17,
	Author = {Eldredge, Zachary and Gong, Zhe-Xuan and Young, Jeremy T. and Moosavian, Ali Hamed and Foss-Feig, Michael and Gorshkov, Alexey V.},
	Date-Added = {2020-05-19 01:58:53 -0400},
	Date-Modified = {2020-05-19 01:58:53 -0400},
	Doi = {10.1103/PhysRevLett.119.170503},
	Issue = {17},
	Journal = {Phys. Rev. Lett.},
	Month = {Oct},
	Numpages = {5},
	Pages = {170503},
	Publisher = {American Physical Society},
	Title = {Fast Quantum State Transfer and Entanglement Renormalization Using Long-Range Interactions},
	Url = {https://link.aps.org/doi/10.1103/PhysRevLett.119.170503},
	Volume = {119},
	Year = {2017},
	Bdsk-Url-1 = {https://link.aps.org/doi/10.1103/PhysRevLett.119.170503},
	Bdsk-Url-2 = {https://doi.org/10.1103/PhysRevLett.119.170503}}

@article{Epstein17,
	Author = {Epstein, Jeffrey M. and Whaley, K. Birgitta},
	Date-Added = {2020-05-19 01:58:53 -0400},
	Date-Modified = {2020-05-19 01:58:53 -0400},
	Doi = {10.1103/PhysRevA.95.042314},
	Issue = {4},
	Journal = {Phys. Rev. A},
	Month = {Apr},
	Numpages = {8},
	Pages = {042314},
	Publisher = {American Physical Society},
	Title = {Quantum speed limits for quantum-information-processing tasks},
	Url = {https://link.aps.org/doi/10.1103/PhysRevA.95.042314},
	Volume = {95},
	Year = {2017},
	Bdsk-Url-1 = {https://link.aps.org/doi/10.1103/PhysRevA.95.042314},
	Bdsk-Url-2 = {https://doi.org/10.1103/PhysRevA.95.042314}}

@article{FFT65,
	Author = {James W. Cooley and John W. Tukey},
	Date-Added = {2020-05-19 01:58:53 -0400},
	Date-Modified = {2020-05-19 01:58:53 -0400},
	Issn = {00255718, 10886842},
	Journal = {Mathematics of Computation},
	Number = {90},
	Pages = {297--301},
	Publisher = {American Mathematical Society},
	Title = {An Algorithm for the Machine Calculation of Complex Fourier Series},
	Url = {http://www.jstor.org/stable/2003354},
	Volume = {19},
	Year = {1965},
	Bdsk-Url-1 = {http://www.jstor.org/stable/2003354}}

@article{Foss-Feig15,
	Author = {Foss-Feig, Michael and Gong, Zhe-Xuan and Clark, Charles W. and Gorshkov, Alexey V.},
	Date-Added = {2020-05-19 01:58:53 -0400},
	Date-Modified = {2020-05-19 01:58:53 -0400},
	Doi = {10.1103/PhysRevLett.114.157201},
	Issue = {15},
	Journal = {Phys. Rev. Lett.},
	Month = {Apr},
	Numpages = {5},
	Pages = {157201},
	Publisher = {American Physical Society},
	Title = {Nearly Linear Light Cones in Long-Range Interacting Quantum Systems},
	Url = {https://link.aps.org/doi/10.1103/PhysRevLett.114.157201},
	Volume = {114},
	Year = {2015},
	Bdsk-Url-1 = {https://link.aps.org/doi/10.1103/PhysRevLett.114.157201},
	Bdsk-Url-2 = {https://doi.org/10.1103/PhysRevLett.114.157201}}

@article{FossFeig16,
	Archiveprefix = {arXiv},
	Author = {Michael Foss-Feig and Zhe-Xuan Gong and Alexey V. Gorshkov and Charles W. Clark},
	Date-Added = {2020-05-19 01:58:53 -0400},
	Date-Modified = {2020-05-19 01:58:53 -0400},
	Eprint = {1612.07805},
	Title = {Entanglement and spin-squeezing without infinite-range interactions},
	Year = {2016}}

@article{Gong14,
	Author = {Gong, Zhe-Xuan and Foss-Feig, Michael and Michalakis, Spyridon and Gorshkov, Alexey V.},
	Date-Added = {2020-05-19 01:58:53 -0400},
	Date-Modified = {2020-05-19 01:58:53 -0400},
	Doi = {10.1103/PhysRevLett.113.030602},
	Issue = {3},
	Journal = {Phys. Rev. Lett.},
	Month = {Jul},
	Numpages = {5},
	Pages = {030602},
	Publisher = {American Physical Society},
	Title = {Persistence of Locality in Systems with Power-Law Interactions},
	Url = {https://link.aps.org/doi/10.1103/PhysRevLett.113.030602},
	Volume = {113},
	Year = {2014},
	Bdsk-Url-1 = {https://link.aps.org/doi/10.1103/PhysRevLett.113.030602},
	Bdsk-Url-2 = {https://doi.org/10.1103/PhysRevLett.113.030602}}

@article{Gong17,
	Author = {Gong, Zhe-Xuan and Foss-Feig, Michael and Brand\~ao, Fernando G. S. L. and Gorshkov, Alexey V.},
	Date-Added = {2020-05-19 01:58:53 -0400},
	Date-Modified = {2020-05-19 01:58:53 -0400},
	Doi = {10.1103/PhysRevLett.119.050501},
	Issue = {5},
	Journal = {Phys. Rev. Lett.},
	Month = {Jul},
	Numpages = {6},
	Pages = {050501},
	Publisher = {American Physical Society},
	Title = {Entanglement Area Laws for Long-Range Interacting Systems},
	Url = {https://link.aps.org/doi/10.1103/PhysRevLett.119.050501},
	Volume = {119},
	Year = {2017},
	Bdsk-Url-1 = {https://link.aps.org/doi/10.1103/PhysRevLett.119.050501},
	Bdsk-Url-2 = {https://doi.org/10.1103/PhysRevLett.119.050501}}

@article{Gu17,
	Author = {Gu, Yingfei and Qi, Xiao-Liang and Stanford, Douglas},
	Date-Added = {2020-05-19 01:58:53 -0400},
	Date-Modified = {2020-05-19 01:58:53 -0400},
	Day = {23},
	Doi = {10.1007/JHEP05(2017)125},
	Issn = {1029-8479},
	Journal = {Journal of High Energy Physics},
	Month = {May},
	Number = {5},
	Pages = {125},
	Title = {Local criticality, diffusion and chaos in generalized Sachdev-Ye-Kitaev models},
	Url = {https://doi.org/10.1007/JHEP05(2017)125},
	Volume = {2017},
	Year = {2017},
	Bdsk-Url-1 = {https://doi.org/10.1007/JHEP05(2017)125}}

@article{Haah,
	Adsnote = {Provided by the SAO/NASA Astrophysics Data System},
	Adsurl = {http://adsabs.harvard.edu/abs/2018arXiv180103922H},
	Archiveprefix = {arXiv},
	Author = {{Haah}, J. and {Hastings}, M.~B. and {Kothari}, R. and {Hao Low}, G.},
	Date-Added = {2020-05-19 01:58:53 -0400},
	Date-Modified = {2020-05-19 01:58:53 -0400},
	Eprint = {1801.03922},
	Keywords = {Quantum Physics},
	Month = jan,
	Title = {{Quantum algorithm for simulating real time evolution of lattice Hamiltonians}},
	Year = 2018}

@article{Hastings07,
	Author = {M B Hastings},
	Date-Added = {2020-05-19 01:58:53 -0400},
	Date-Modified = {2020-05-19 01:58:53 -0400},
	Doi = {10.1088/1742-5468/2007/08/p08024},
	Journal = {J. Stat. Mech: Theory Exp.},
	Month = {aug},
	Number = {08},
	Pages = {P08024--P08024},
	Publisher = {{IOP} Publishing},
	Title = {An area law for one-dimensional quantum systems},
	Url = {https://doi.org/10.1088%2F1742-5468%2F2007%2F08%2Fp08024},
	Volume = {2007},
	Year = 2007,
	Bdsk-Url-1 = {https://doi.org/10.1088%2F1742-5468%2F2007%2F08%2Fp08024},
	Bdsk-Url-2 = {https://doi.org/10.1088/1742-5468/2007/08/p08024}}

@article{Hauke13,
	Author = {Hauke, P. and Tagliacozzo, L.},
	Date-Added = {2020-05-19 01:58:53 -0400},
	Date-Modified = {2020-05-19 01:58:53 -0400},
	Doi = {10.1103/PhysRevLett.111.207202},
	Issue = {20},
	Journal = {Phys. Rev. Lett.},
	Month = {Nov},
	Numpages = {6},
	Pages = {207202},
	Publisher = {American Physical Society},
	Title = {Spread of Correlations in Long-Range Interacting Quantum Systems},
	Url = {https://link.aps.org/doi/10.1103/PhysRevLett.111.207202},
	Volume = {111},
	Year = {2013},
	Bdsk-Url-1 = {https://link.aps.org/doi/10.1103/PhysRevLett.111.207202},
	Bdsk-Url-2 = {https://doi.org/10.1103/PhysRevLett.111.207202}}

@article{Hayden07,
	Author = {Patrick Hayden and John Preskill},
	Date-Added = {2020-05-19 01:58:53 -0400},
	Date-Modified = {2020-05-19 01:58:53 -0400},
	Doi = {10.1088/1126-6708/2007/09/120},
	Journal = {J. High Energy Phys.},
	Month = {sep},
	Number = {09},
	Pages = {120--120},
	Publisher = {Springer Nature},
	Title = {Black holes as mirrors: quantum information in random subsystems},
	Url = {https://doi.org/10.1088/1126-6708/2007/09/120},
	Volume = {2007},
	Year = 2007,
	Bdsk-Url-1 = {https://doi.org/10.1088/1126-6708/2007/09/120}}

@article{HK,
	Author = {{Hastings}, M.~B. and {Koma}, T.},
	Doi = {10.1007/s00220-006-0030-4},
	Journal = {Comm. Math. Phys.},
	Month = aug,
	Pages = {781-804},
	Title = {{Spectral Gap and Exponential Decay of Correlations}},
	Volume = 265,
	Year = 2006,
	Bdsk-Url-1 = {http://dx.doi.org/10.1007/s00220-006-0030-4}}

@article{Hosur16,
	Author = {Hosur, Pavan and Qi, Xiao-Liang and Roberts, Daniel A. and Yoshida, Beni},
	Date-Added = {2020-05-19 01:58:53 -0400},
	Date-Modified = {2020-05-19 01:58:53 -0400},
	Day = {01},
	Doi = {10.1007/JHEP02(2016)004},
	Issn = {1029-8479},
	Journal = {Journal of High Energy Physics},
	Month = {Feb},
	Number = {2},
	Pages = {4},
	Title = {Chaos in quantum channels},
	Volume = {2016},
	Year = {2016},
	Bdsk-Url-1 = {https://doi.org/10.1007/JHEP02(2016)004}}

@article{Kac63,
	Author = {Kac,M. and Uhlenbeck,G. E. and Hemmer,P. C.},
	Date-Added = {2020-05-19 01:58:53 -0400},
	Date-Modified = {2020-05-19 01:58:53 -0400},
	Doi = {10.1063/1.1703946},
	Journal = {J. Math. Phys.},
	Number = {2},
	Pages = {216-228},
	Title = {On the van der Waals Theory of the Vapor Liquid Equilibrium. I. Discussion of a One Dimensional Model},
	Url = {https://doi.org/10.1063/1.1703946},
	Volume = {4},
	Year = {1963},
	Bdsk-Url-1 = {https://doi.org/10.1063/1.1703946}}

@article{Kastner11,
	Author = {Kastner, Michael},
	Date-Added = {2020-05-19 01:58:53 -0400},
	Date-Modified = {2020-05-19 01:58:53 -0400},
	Doi = {10.1103/PhysRevLett.106.130601},
	Issue = {13},
	Journal = {Phys. Rev. Lett.},
	Month = {Mar},
	Numpages = {4},
	Pages = {130601},
	Publisher = {American Physical Society},
	Title = {Diverging Equilibration Times in Long-Range Quantum Spin Models},
	Url = {https://link.aps.org/doi/10.1103/PhysRevLett.106.130601},
	Volume = {106},
	Year = {2011},
	Bdsk-Url-1 = {https://link.aps.org/doi/10.1103/PhysRevLett.106.130601},
	Bdsk-Url-2 = {https://doi.org/10.1103/PhysRevLett.106.130601}}

@article{Kastner12,
	Author = {Michael Kastner},
	Date-Added = {2020-05-19 01:58:53 -0400},
	Date-Modified = {2020-05-19 01:58:53 -0400},
	Doi = {10.2478/s11534-011-0122-4},
	Journal = {Central Eur. J. Phys},
	Number = {3},
	Pages = {637--644},
	Title = {Long-time asymptotics of the long-range Emch-Radin model.},
	Url = {https://doi.org/10.2478/s11534-011-0122-4},
	Volume = {10},
	Year = {2012},
	Bdsk-Url-2 = {https://doi.org/10.2478/s11534-011-0122-4}}

@article{Kastner17,
	Author = {Michael Kastner},
	Date-Added = {2020-05-19 01:58:53 -0400},
	Date-Modified = {2020-05-19 01:58:53 -0400},
	Doi = {10.1088/1742-5468/aa5119},
	Journal = {J. Stat. Mech: Theory Exp.},
	Month = {jan},
	Number = {1},
	Pages = {014003},
	Publisher = {{IOP} Publishing},
	Title = {N-scaling of timescales in long-{rangeN}-body quantum systems},
	Url = {https://doi.org/10.1088%2F1742-5468%2Faa5119},
	Volume = {2017},
	Year = {2017},
	Bdsk-Url-1 = {https://doi.org/10.1088%2F1742-5468%2Faa5119},
	Bdsk-Url-2 = {https://doi.org/10.1088/1742-5468/aa5119}}

@article{Keyserlingk18,
	Author = {von Keyserlingk, C. W. and Rakovszky, Tibor and Pollmann, Frank and Sondhi, S. L.},
	Date-Added = {2020-05-19 01:58:53 -0400},
	Date-Modified = {2020-05-19 01:58:53 -0400},
	Doi = {10.1103/PhysRevX.8.021013},
	Issue = {2},
	Journal = {Phys. Rev. X},
	Month = {Apr},
	Numpages = {19},
	Pages = {021013},
	Publisher = {American Physical Society},
	Title = {Operator Hydrodynamics, OTOCs, and Entanglement Growth in Systems without Conservation Laws},
	Volume = {8},
	Year = {2018},
	Bdsk-Url-1 = {https://doi.org/10.1103/PhysRevX.8.021013}}

@conference{Kitaev15,
	Author = {Alexei Kitaev},
	Booktitle = {KITP strings seminar and Entanglement 2015 program},
	Date-Added = {2020-05-19 01:58:53 -0400},
	Date-Modified = {2020-05-19 01:58:53 -0400},
	Title = {A simple model of quantum holography},
	Year = {Feb. 12, April 7, and May 27, 2015}}

@article{Kuwahara16,
	Author = {Tomotaka Kuwahara},
	Date-Added = {2020-05-19 01:58:53 -0400},
	Date-Modified = {2020-05-19 01:58:53 -0400},
	Doi = {10.1088/1367-2630/18/5/053034},
	Journal = {New Journal of Physics},
	Month = {may},
	Number = {5},
	Pages = {053034},
	Publisher = {{IOP} Publishing},
	Title = {Exponential bound on information spreading induced by quantum many-body dynamics with long-range interactions},
	Url = {https://doi.org/10.1088%2F1367-2630%2F18%2F5%2F053034},
	Volume = {18},
	Year = 2016,
	Bdsk-Url-1 = {https://doi.org/10.1088%2F1367-2630%2F18%2F5%2F053034},
	Bdsk-Url-2 = {https://doi.org/10.1088/1367-2630/18/5/053034}}

@article{Lashkari13,
	Abstract = {Many proposed quantum mechanical models of black holes include highly non-local interactions. The time required for thermalization to occur in such models should reflect the relaxation times associated with classical black holes in general relativity. Moreover, the time required for a particularly strong form of thermalization to occur, sometimes known as scrambling, determines the time scale on which black holes should start to release information. It has been conjectured that black holes scramble in a time logarithmic in their entropy, and that no system in nature can scramble faster. In this article, we address the conjecture from two directions. First, we exhibit two examples of systems that do indeed scramble in logarithmic time: Brownian quantum circuits and the antiferromagnetic Ising model on a sparse random graph. Unfortunately, both fail to be truly ideal fast scramblers for reasons we discuss. Second, we use Lieb-Robinson techniques to prove a logarithmic lower bound on the scrambling time of systems with finite norm terms in their Hamiltonian. The bound holds in spite of any nonlocal structure in the Hamiltonian, which might permit every degree of freedom to interact directly with every other one.},
	Author = {Lashkari, Nima and Stanford, Douglas and Hastings, Matthew and Osborne, Tobias and Hayden, Patrick},
	Date-Added = {2020-05-19 01:58:53 -0400},
	Date-Modified = {2020-05-19 01:58:53 -0400},
	Day = {03},
	Doi = {10.1007/JHEP04(2013)022},
	Issn = {1029-8479},
	Journal = {J. High Energy Phys.},
	Month = {Apr},
	Number = {4},
	Pages = {22},
	Title = {Towards the fast scrambling conjecture},
	Url = {https://doi.org/10.1007/JHEP04(2013)022},
	Volume = {2013},
	Year = {2013},
	Bdsk-Url-1 = {https://doi.org/10.1007/JHEP04(2013)022},
	Bdsk-Url-2 = {http://dx.doi.org/10.1007/JHEP04(2013)022}}

@article{Linke17,
	Author = {Linke, Norbert M. and Maslov, Dmitri and Roetteler, Martin and Debnath, Shantanu and Figgatt, Caroline and Landsman, Kevin A. and Wright, Kenneth and Monroe, Christopher},
	Date-Added = {2020-05-19 01:58:53 -0400},
	Date-Modified = {2020-05-19 01:58:53 -0400},
	Doi = {10.1073/pnas.1618020114},
	Issn = {0027-8424},
	Journal = {Proceedings of the National Academy of Sciences},
	Number = {13},
	Pages = {3305--3310},
	Publisher = {National Academy of Sciences},
	Title = {Experimental comparison of two quantum computing architectures},
	Volume = {114},
	Year = {2017},
	Bdsk-Url-1 = {https://www.pnas.org/content/114/13/3305},
	Bdsk-Url-2 = {https://doi.org/10.1073/pnas.1618020114}}

@article{LR,
	Author = {Lieb, Elliott H. and Robinson, Derek W.},
	Date-Added = {2020-05-19 01:58:53 -0400},
	Date-Modified = {2020-05-19 01:58:53 -0400},
	Fjournal = {Communications in Mathematical Physics},
	Journal = {Comm. Math. Phys.},
	Number = {3},
	Pages = {251--257},
	Publisher = {Springer},
	Title = {{The Finite Group Velocity of Quantum Spin Systems}},
	Url = {https://projecteuclid.org:443/euclid.cmp/1103858407},
	Volume = {28},
	Year = {1972},
	Bdsk-Url-1 = {https://projecteuclid.org:443/euclid.cmp/1103858407}}

@article{Lucas18,
	Author = {Bentsen, Gregory and Gu, Yingfei and Lucas, Andrew},
	Date-Added = {2020-05-19 01:58:53 -0400},
	Date-Modified = {2020-05-19 01:58:53 -0400},
	Doi = {10.1073/pnas.1811033116},
	Issn = {0027-8424},
	Journal = {Proc. Natl. Acad. Sci. U.S.A.},
	Number = {14},
	Pages = {6689--6694},
	Publisher = {National Academy of Sciences},
	Title = {Fast scrambling on sparse graphs},
	Volume = {116},
	Year = {2019},
	Bdsk-Url-1 = {https://doi.org/10.1073/pnas.1811033116}}

@article{Lucas19,
	Author = {Chi-Fang Chen and Andrew Lucas},
	Date-Added = {2020-05-19 01:58:53 -0400},
	Date-Modified = {2020-05-19 01:58:53 -0400},
	Eprint = {arXiv:1905.03682},
	Title = {Operator growth bounds from graph theory},
	Year = {2019}}

@article{Lucas20,
	Author = {Chao Yin and Andrew Lucas},
	Date-Added = {2020-05-19 01:58:53 -0400},
	Date-Modified = {2020-05-19 01:58:53 -0400},
	Eprint = {arXiv:2005.07558},
	Title = {Bound on quantum scrambling with all-to-all interactions},
	Year = {2020}}

@article{Luitz19,
	Author = {Luitz, David J. and Bar Lev, Yevgeny},
	Date-Added = {2020-05-19 01:58:53 -0400},
	Date-Modified = {2020-05-19 01:58:53 -0400},
	Doi = {10.1103/PhysRevA.99.010105},
	Issue = {1},
	Journal = {Phys. Rev. A},
	Month = {Jan},
	Numpages = {5},
	Pages = {010105(R)},
	Publisher = {American Physical Society},
	Title = {Emergent locality in systems with power-law interactions},
	Url = {https://link.aps.org/doi/10.1103/PhysRevA.99.010105},
	Volume = {99},
	Year = {2019},
	Bdsk-Url-1 = {https://link.aps.org/doi/10.1103/PhysRevA.99.010105},
	Bdsk-Url-2 = {https://doi.org/10.1103/PhysRevA.99.010105}}

@article{Lukin17,
	Author = {Choi, Soonwon and Choi, Joonhee and Landig, Renate and Kucsko, Georg and Zhou, Hengyun and Isoya, Junichi and Jelezko, Fedor and Onoda, Shinobu and Sumiya, Hitoshi and Khemani, Vedika and von Keyserlingk, Curt and Yao, Norman Y. and Demler, Eugene and Lukin, Mikhail D.},
	Date = {2017/03/08/online},
	Date-Added = {2020-05-19 01:58:53 -0400},
	Date-Modified = {2020-05-19 01:58:53 -0400},
	Day = {08},
	Journal = {Nature},
	L3 = {10.1038/nature21426;},
	Month = {03},
	Pages = {221},
	Publisher = {Macmillan Publishers Limited, part of Springer Nature. All rights reserved. SN -},
	Title = {Observation of discrete time-crystalline order in a disordered dipolar many-body system},
	Ty = {JOUR},
	Url = {https://doi.org/10.1038/nature21426},
	Volume = {543},
	Year = {2017},
	Bdsk-Url-1 = {https://doi.org/10.1038/nature21426}}

@article{Maldacena16,
	Author = {Maldacena, Juan and Shenker, Stephen H. and Stanford, Douglas},
	Date-Added = {2020-05-19 01:58:53 -0400},
	Date-Modified = {2020-05-19 01:58:53 -0400},
	Day = {17},
	Doi = {10.1007/JHEP08(2016)106},
	Issn = {1029-8479},
	Journal = {J. High Energy Phys.},
	Month = {Aug},
	Number = {8},
	Pages = {106},
	Title = {A bound on chaos},
	Url = {https://doi.org/10.1007/JHEP08(2016)106},
	Volume = {2016},
	Year = {2016},
	Bdsk-Url-1 = {https://doi.org/10.1007/JHEP08(2016)106}}

@article{Metivier14,
	Author = {M\'etivier, David and Bachelard, Romain and Kastner, Michael},
	Date-Added = {2020-05-19 01:58:53 -0400},
	Date-Modified = {2020-05-19 01:58:53 -0400},
	Doi = {10.1103/PhysRevLett.112.210601},
	Issue = {21},
	Journal = {Phys. Rev. Lett.},
	Month = {May},
	Numpages = {5},
	Pages = {210601},
	Publisher = {American Physical Society},
	Title = {Spreading of Perturbations in Long-Range Interacting Classical Lattice Models},
	Url = {https://link.aps.org/doi/10.1103/PhysRevLett.112.210601},
	Volume = {112},
	Year = {2014},
	Bdsk-Url-1 = {https://link.aps.org/doi/10.1103/PhysRevLett.112.210601},
	Bdsk-Url-2 = {https://doi.org/10.1103/PhysRevLett.112.210601}}

@article{Monroe13,
	Author = {Islam, R. and Senko, C. and Campbell, W. C. and Korenblit, S. and Smith, J. and Lee, A. and Edwards, E. E. and Wang, C.-C. J. and Freericks, J. K. and Monroe, C.},
	Date-Added = {2020-05-19 01:58:53 -0400},
	Date-Modified = {2020-05-19 01:58:53 -0400},
	Doi = {10.1126/science.1232296},
	Issn = {0036-8075},
	Journal = {Science},
	Number = {6132},
	Pages = {583--587},
	Publisher = {American Association for the Advancement of Science},
	Title = {Emergence and Frustration of Magnetism with Variable-Range Interactions in a Quantum Simulator},
	Url = {https://science.sciencemag.org/content/340/6132/583},
	Volume = {340},
	Year = {2013},
	Bdsk-Url-1 = {https://science.sciencemag.org/content/340/6132/583},
	Bdsk-Url-2 = {https://doi.org/10.1126/science.1232296}}

@article{Nahum18,
	Author = {Nahum, Adam and Vijay, Sagar and Haah, Jeongwan},
	Date-Added = {2020-05-19 01:58:53 -0400},
	Date-Modified = {2020-05-19 01:58:53 -0400},
	Doi = {10.1103/PhysRevX.8.021014},
	Issue = {2},
	Journal = {Phys. Rev. X},
	Month = {Apr},
	Numpages = {30},
	Pages = {021014},
	Publisher = {American Physical Society},
	Title = {Operator Spreading in Random Unitary Circuits},
	Volume = {8},
	Year = {2018},
	Bdsk-Url-1 = {https://doi.org/10.1103/PhysRevX.8.021014}}

@article{Nandkishore15,
	Author = {Nandkishore, Rahul and Huse, David A.},
	Date-Added = {2020-05-19 01:58:53 -0400},
	Date-Modified = {2020-05-19 01:58:53 -0400},
	Doi = {10.1146/annurev-conmatphys-031214-014726},
	Journal = {Annu. Rev. Condens. Matter Phys.},
	Number = {1},
	Pages = {15-38},
	Title = {Many-Body Localization and Thermalization in Quantum Statistical Mechanics},
	Volume = {6},
	Year = {2015},
	Bdsk-Url-1 = {https://doi.org/10.1146/annurev-conmatphys-031214-014726}}

@book{NJ2014,
	Author = {Nikolopoulos, Georgios M. and Jex, Igor},
	Date-Added = {2020-05-19 01:58:53 -0400},
	Date-Modified = {2020-05-19 01:58:53 -0400},
	Doi = {10.1007/978-3-642-39937-4},
	Place = {Berlin, Heidelberg},
	Publisher = {Springer Berlin Heidelberg},
	Title = {Quantum State Transfer and Network Engineering},
	Year = {2014},
	Bdsk-Url-1 = {https://doi.org/10.1007/978-3-642-39937-4}}

@article{Pappalardi18,
	Author = {Pappalardi, Silvia and Russomanno, Angelo and \ifmmode \check{Z}\else \v{Z}\fi{}unkovi\ifmmode \check{c}\else \v{c}\fi{}, Bojan and Iemini, Fernando and Silva, Alessandro and Fazio, Rosario},
	Date-Added = {2020-05-19 01:58:53 -0400},
	Date-Modified = {2020-05-19 01:58:53 -0400},
	Doi = {10.1103/PhysRevB.98.134303},
	Issue = {13},
	Journal = {Phys. Rev. B},
	Month = {Oct},
	Numpages = {11},
	Pages = {134303},
	Publisher = {American Physical Society},
	Title = {Scrambling and entanglement spreading in long-range spin chains},
	Url = {https://link.aps.org/doi/10.1103/PhysRevB.98.134303},
	Volume = {98},
	Year = {2018},
	Bdsk-Url-1 = {https://link.aps.org/doi/10.1103/PhysRevB.98.134303},
	Bdsk-Url-2 = {https://doi.org/10.1103/PhysRevB.98.134303}}

@article{Roberts18,
	Author = {Roberts, Daniel A. and Stanford, Douglas and Streicher, Alexandre},
	Date-Added = {2020-05-19 01:58:53 -0400},
	Date-Modified = {2020-05-19 01:58:53 -0400},
	Day = {22},
	Doi = {10.1007/JHEP06(2018)122},
	Issn = {1029-8479},
	Journal = {Journal of High Energy Physics},
	Month = {Jun},
	Number = {6},
	Pages = {122},
	Title = {Operator growth in the SYK model},
	Volume = {2018},
	Year = {2018},
	Bdsk-Url-1 = {https://doi.org/10.1007/JHEP06(2018)122}}

@article{Sachdev15,
	Author = {Sachdev, Subir},
	Date-Added = {2020-05-19 01:58:53 -0400},
	Date-Modified = {2020-05-19 01:58:53 -0400},
	Doi = {10.1103/PhysRevX.5.041025},
	Issue = {4},
	Journal = {Phys. Rev. X},
	Month = {Nov},
	Numpages = {13},
	Pages = {041025},
	Publisher = {American Physical Society},
	Title = {Bekenstein-Hawking Entropy and Strange Metals},
	Url = {https://link.aps.org/doi/10.1103/PhysRevX.5.041025},
	Volume = {5},
	Year = {2015},
	Bdsk-Url-1 = {https://link.aps.org/doi/10.1103/PhysRevX.5.041025},
	Bdsk-Url-2 = {https://doi.org/10.1103/PhysRevX.5.041025}}

@article{Saffman10,
	Author = {Saffman, M. and Walker, T. G. and M\o{}lmer, K.},
	Date-Added = {2020-05-19 01:58:53 -0400},
	Date-Modified = {2020-05-19 01:58:53 -0400},
	Doi = {10.1103/RevModPhys.82.2313},
	Issue = {3},
	Journal = {Rev. Mod. Phys.},
	Month = {Aug},
	Numpages = {0},
	Pages = {2313--2363},
	Publisher = {American Physical Society},
	Title = {Quantum information with Rydberg atoms},
	Url = {https://link.aps.org/doi/10.1103/RevModPhys.82.2313},
	Volume = {82},
	Year = {2010},
	Bdsk-Url-1 = {https://link.aps.org/doi/10.1103/RevModPhys.82.2313},
	Bdsk-Url-2 = {https://doi.org/10.1103/RevModPhys.82.2313}}

@article{Santos16,
	Author = {Santos, Lea F. and Borgonovi, Fausto and Celardo, Giuseppe Luca},
	Date-Added = {2020-05-19 01:58:53 -0400},
	Date-Modified = {2020-05-19 01:58:53 -0400},
	Doi = {10.1103/PhysRevLett.116.250402},
	Issue = {25},
	Journal = {Phys. Rev. Lett.},
	Month = {Jun},
	Numpages = {5},
	Pages = {250402},
	Publisher = {American Physical Society},
	Title = {Cooperative Shielding in Many-Body Systems with Long-Range Interaction},
	Url = {https://link.aps.org/doi/10.1103/PhysRevLett.116.250402},
	Volume = {116},
	Year = {2016},
	Bdsk-Url-1 = {https://link.aps.org/doi/10.1103/PhysRevLett.116.250402},
	Bdsk-Url-2 = {https://doi.org/10.1103/PhysRevLett.116.250402}}

@article{Shenker14,
	Author = {Shenker, Stephen H. and Stanford, Douglas},
	Date-Added = {2020-05-19 01:58:53 -0400},
	Date-Modified = {2020-05-19 01:58:53 -0400},
	Day = {13},
	Doi = {10.1007/JHEP03(2014)067},
	Issn = {1029-8479},
	Journal = {Journal of High Energy Physics},
	Month = {Mar},
	Number = {3},
	Pages = {67},
	Title = {Black holes and the butterfly effect},
	Volume = {2014},
	Year = {2014},
	Bdsk-Url-1 = {https://doi.org/10.1007/JHEP03(2014)067}}

@article{Shor18,
	Author = {Peter W. Shor},
	Date-Added = {2020-05-19 01:58:53 -0400},
	Date-Modified = {2020-05-19 01:58:53 -0400},
	Eprint = {arXiv:1807.04363},
	Title = {Scrambling Time and Causal Structure of the Photon Sphere of a Schwarzschild Black Hole},
	Year = {2018}}

@misc{SM,
	Date-Added = {2020-05-19 01:58:53 -0400},
	Date-Modified = {2020-05-19 01:58:53 -0400},
	Note = {See the Supplemental Material for a detailed proof of \cref{eq:newbound}. The Supplemental Material also shows that \cref{eq:newbound} is (in a broad sense) the best bound one can get from \cref{eq:HKseries1}.}}

@article{Song17,
	Author = {Song, Chao and Xu, Kai and Liu, Wuxin and Yang, Chui-ping and Zheng, Shi-Biao and Deng, Hui and Xie, Qiwei and Huang, Keqiang and Guo, Qiujiang and Zhang, Libo and Zhang, Pengfei and Xu, Da and Zheng, Dongning and Zhu, Xiaobo and Wang, H. and Chen, Y.-A. and Lu, C.-Y. and Han, Siyuan and Pan, Jian-Wei},
	Date-Added = {2020-05-19 01:58:53 -0400},
	Date-Modified = {2020-05-19 01:58:53 -0400},
	Doi = {10.1103/PhysRevLett.119.180511},
	Issue = {18},
	Journal = {Phys. Rev. Lett.},
	Month = {Nov},
	Numpages = {6},
	Pages = {180511},
	Publisher = {American Physical Society},
	Title = {10-Qubit Entanglement and Parallel Logic Operations with a Superconducting Circuit},
	Url = {https://link.aps.org/doi/10.1103/PhysRevLett.119.180511},
	Volume = {119},
	Year = {2017},
	Bdsk-Url-1 = {https://link.aps.org/doi/10.1103/PhysRevLett.119.180511},
	Bdsk-Url-2 = {https://doi.org/10.1103/PhysRevLett.119.180511}}

@article{SS08,
	Author = {Yasuhiro Sekino and L Susskind},
	Date-Added = {2020-05-19 01:58:53 -0400},
	Date-Modified = {2020-05-19 01:58:53 -0400},
	Doi = {10.1088/1126-6708/2008/10/065},
	Journal = {Journal of High Energy Physics},
	Month = {oct},
	Number = {10},
	Pages = {065--065},
	Publisher = {Springer Nature},
	Title = {Fast scramblers},
	Url = {https://doi.org/10.1088%2F1126-6708%2F2008%2F10%2F065},
	Volume = {2008},
	Year = 2008,
	Bdsk-Url-1 = {https://doi.org/10.1088%2F1126-6708%2F2008%2F10%2F065},
	Bdsk-Url-2 = {https://doi.org/10.1088/1126-6708/2008/10/065}}

@article{Storch15,
	Author = {David-Maximilian Storch and Mauritz van den Worm and Michael Kastner},
	Date-Added = {2020-05-19 01:58:53 -0400},
	Date-Modified = {2020-05-19 01:58:53 -0400},
	Journal = {New J. Phys.},
	Number = {6},
	Pages = {063021},
	Title = {Interplay of soundcone and supersonic propagation in lattice models with power law interactions},
	Url = {http://stacks.iop.org/1367-2630/17/i=6/a=063021},
	Volume = {17},
	Year = {2015},
	Bdsk-Url-1 = {http://stacks.iop.org/1367-2630/17/i=6/a=063021}}

@article{Swingle16,
	Author = {Roberts, Daniel A. and Swingle, Brian},
	Date-Added = {2020-05-19 01:58:53 -0400},
	Date-Modified = {2020-05-19 01:58:53 -0400},
	Doi = {10.1103/PhysRevLett.117.091602},
	Issue = {9},
	Journal = {Phys. Rev. Lett.},
	Month = {Aug},
	Numpages = {6},
	Pages = {091602},
	Publisher = {American Physical Society},
	Title = {Lieb-Robinson Bound and the Butterfly Effect in Quantum Field Theories},
	Url = {https://link.aps.org/doi/10.1103/PhysRevLett.117.091602},
	Volume = {117},
	Year = {2016},
	Bdsk-Url-1 = {https://link.aps.org/doi/10.1103/PhysRevLett.117.091602},
	Bdsk-Url-2 = {https://doi.org/10.1103/PhysRevLett.117.091602}}

@article{SY93,
	Author = {Sachdev, Subir and Ye, Jinwu},
	Date-Added = {2020-05-19 01:58:53 -0400},
	Date-Modified = {2020-05-19 01:58:53 -0400},
	Doi = {10.1103/PhysRevLett.70.3339},
	Issue = {21},
	Journal = {Phys. Rev. Lett.},
	Month = {May},
	Numpages = {0},
	Pages = {3339--3342},
	Publisher = {American Physical Society},
	Title = {Gapless spin-fluid ground state in a random quantum Heisenberg magnet},
	Url = {https://link.aps.org/doi/10.1103/PhysRevLett.70.3339},
	Volume = {70},
	Year = {1993},
	Bdsk-Url-1 = {https://link.aps.org/doi/10.1103/PhysRevLett.70.3339},
	Bdsk-Url-2 = {https://doi.org/10.1103/PhysRevLett.70.3339}}

@article{Tran18,
	Author = {Tran, Minh C. and Guo, Andrew Y. and Su, Yuan and Garrison, James R. and Eldredge, Zachary and Foss-Feig, Michael and Childs, Andrew M. and Gorshkov, Alexey V.},
	Date-Added = {2020-05-19 01:58:53 -0400},
	Date-Modified = {2020-05-19 01:58:53 -0400},
	Doi = {10.1103/PhysRevX.9.031006},
	Issue = {3},
	Journal = {Phys. Rev. X},
	Month = {Jul},
	Numpages = {22},
	Pages = {031006},
	Publisher = {American Physical Society},
	Title = {Locality and Digital Quantum Simulation of Power-Law Interactions},
	Url = {https://link.aps.org/doi/10.1103/PhysRevX.9.031006},
	Volume = {9},
	Year = {2019},
	Bdsk-Url-1 = {https://link.aps.org/doi/10.1103/PhysRevX.9.031006},
	Bdsk-Url-2 = {https://doi.org/10.1103/PhysRevX.9.031006}}

@article{Xu18,
	Author = {Xu, Shenglong and Swingle, Brian},
	Date-Added = {2020-05-19 01:58:53 -0400},
	Date-Modified = {2020-05-19 01:58:53 -0400},
	Doi = {10.1103/PhysRevX.9.031048},
	Issue = {3},
	Journal = {Phys. Rev. X},
	Month = {Sep},
	Numpages = {21},
	Pages = {031048},
	Publisher = {American Physical Society},
	Title = {Locality, Quantum Fluctuations, and Scrambling},
	Url = {https://link.aps.org/doi/10.1103/PhysRevX.9.031048},
	Volume = {9},
	Year = {2019},
	Bdsk-Url-1 = {https://link.aps.org/doi/10.1103/PhysRevX.9.031048},
	Bdsk-Url-2 = {https://doi.org/10.1103/PhysRevX.9.031048}}

@article{Yan13,
	Author = {Yan, Bo and Moses, Steven A. and Gadway, Bryce and Covey, Jacob P. and Hazzard, Kaden R. A. and Rey, Ana Maria and Jin, Deborah S. and Ye, Jun},
	Date-Added = {2020-05-19 01:58:53 -0400},
	Date-Modified = {2020-05-19 01:58:53 -0400},
	Day = {18},
	Journal = {Nature},
	Month = {Sep},
	Pages = {521},
	Publisher = {Nature Publishing Group, a division of Macmillan Publishers Limited. All Rights Reserved.},
	Title = {Observation of dipolar spin-exchange interactions with lattice-confined polar molecules},
	Url = {http://dx.doi.org/10.1038/nature12483},
	Volume = {501},
	Year = {2013},
	Bdsk-Url-1 = {http://dx.doi.org/10.1038/nature12483}}

@article{Yao12,
	Author = {Yao, N. Y. and Jiang, L. and Gorshkov, A. V. and Maurer, P. C. and Giedke, G. and Cirac, J. I. and Lukin, M. D.},
	Date = {2012/04/24/online},
	Date-Added = {2020-05-19 01:58:53 -0400},
	Date-Modified = {2020-05-19 01:58:53 -0400},
	Day = {24},
	Journal = {Nat. Commun.},
	L3 = {10.1038/ncomms1788; https://www.nature.com/articles/ncomms1788#supplementary-information},
	M3 = {Article},
	Month = {04},
	Pages = {800},
	Publisher = {Nature Publishing Group, a division of Macmillan Publishers Limited. All Rights Reserved. SN -},
	Title = {Scalable architecture for a room temperature solid-state quantum information processor},
	Ty = {JOUR},
	Url = {https://doi.org/10.1038/ncomms1788},
	Volume = {3},
	Year = {2012},
	Bdsk-Url-1 = {https://doi.org/10.1038/ncomms1788}}

@article{Zhou18,
	Author = {Chen, Xiao and Zhou, Tianci},
	Date-Added = {2020-05-19 01:58:53 -0400},
	Date-Modified = {2020-05-19 01:58:53 -0400},
	Doi = {10.1103/PhysRevB.100.064305},
	Issue = {6},
	Journal = {Phys. Rev. B},
	Month = {Aug},
	Numpages = {9},
	Pages = {064305},
	Publisher = {American Physical Society},
	Title = {Quantum chaos dynamics in long-range power law interaction systems},
	Url = {https://link.aps.org/doi/10.1103/PhysRevB.100.064305},
	Volume = {100},
	Year = {2019},
	Bdsk-Url-1 = {https://link.aps.org/doi/10.1103/PhysRevB.100.064305},
	Bdsk-Url-2 = {https://doi.org/10.1103/PhysRevB.100.064305}}
