%% This BibTeX bibliography file was created using BibDesk.
%% http://bibdesk.sourceforge.net/


%% Created for Andrew Guo at 2022-10-10 14:03:30 -0400 


%% Saved with string encoding Unicode (UTF-8) 



@article{Barthel2012,
	author = {Barthel, Thomas and Kliesch, Martin},
	date-added = {2022-10-10 13:27:19 -0400},
	date-modified = {2022-10-10 13:27:19 -0400},
	doi = {10.1103/PhysRevLett.108.230504},
	issue = {23},
	journal = {Phys. Rev. Lett.},
	month = {Jun},
	numpages = {5},
	pages = {230504},
	publisher = {American Physical Society},
	title = {Quasilocality and Efficient Simulation of Markovian Quantum Dynamics},
	url = {https://link.aps.org/doi/10.1103/PhysRevLett.108.230504},
	volume = {108},
	year = {2012},
	bdsk-url-1 = {https://link.aps.org/doi/10.1103/PhysRevLett.108.230504},
	bdsk-url-2 = {https://doi.org/10.1103/PhysRevLett.108.230504}}

@article{Tran2021a,
	author = {Tran, Minh C. and Guo, Andrew Y. and Deshpande, Abhinav and Lucas, Andrew and Gorshkov, Alexey V.},
	date-added = {2022-10-10 13:27:19 -0400},
	date-modified = {2022-10-10 13:27:19 -0400},
	doi = {10.1103/PhysRevX.11.031016},
	issue = {3},
	journal = {Phys. Rev. X},
	month = {Jul},
	numpages = {9},
	pages = {031016},
	publisher = {American Physical Society},
	title = {Optimal State Transfer and Entanglement Generation in Power-Law Interacting Systems},
	url = {https://link.aps.org/doi/10.1103/PhysRevX.11.031016},
	volume = {11},
	year = {2021},
	bdsk-url-1 = {https://link.aps.org/doi/10.1103/PhysRevX.11.031016},
	bdsk-url-2 = {https://doi.org/10.1103/PhysRevX.11.031016}}

@article{Blatt12,
	author = {Blatt, R. and Roos, C. F.},
	date = {2012/04/02/online},
	date-added = {2022-10-10 13:27:19 -0400},
	date-modified = {2022-10-10 13:27:19 -0400},
	day = {02},
	journal = {Nature Physics},
	l3 = {10.1038/nphys2252;},
	m3 = {Review Article},
	month = {04},
	pages = {277 EP -},
	publisher = {Nature Publishing Group SN -},
	title = {Quantum simulations with trapped ions},
	ty = {JOUR},
	url = {https://doi.org/10.1038/nphys2252},
	volume = {8},
	year = {2012},
	bdsk-url-1 = {https://doi.org/10.1038/nphys2252}}

@book{Dauxois,
	author = {Dauxois, Thierry and Ruffo, Stefano and Arimondo, Ennio and Wilkens, Martin},
	date-added = {2022-10-10 13:27:19 -0400},
	date-modified = {2022-10-10 13:27:19 -0400},
	doi = {10.1007/3-540-45835-2_1},
	isbn = {978-3-540-45835-7},
	pages = {1--19},
	publisher = {Springer Berlin Heidelberg},
	title = {Dynamics and Thermodynamics of Systems with Long-Range Interactions: An Introduction},
	url = {https://doi.org/10.1007/3-540-45835-2_1},
	year = {2002},
	bdsk-url-1 = {https://doi.org/10.1007/3-540-45835-2_1}}

@article{Pham2013,
	address = {Paramus, NJ},
	author = {Pham, Paul and Svore, Krysta M.},
	date-added = {2022-10-10 13:27:19 -0400},
	date-modified = {2022-10-10 13:27:19 -0400},
	issn = {1533-7146},
	issue_date = {November 2013},
	journal = {Quantum Info. Comput.},
	keywords = {quantum architecture, Shor's algorithm, carry-save addition, prime factorization, nearest-neighbor},
	month = nov,
	number = {11--12},
	numpages = {26},
	pages = {937--962},
	publisher = {Rinton Press, Incorporated},
	title = {A 2D Nearest-Neighbor Quantum Architecture for Factoring in Polylogarithmic Depth},
	url = {https://doi.org/10.5555/2535639.2535642},
	volume = {13},
	year = {2013},
	bdsk-url-1 = {https://doi.org/10.5555/2535639.2535642}}

@article{Raussendorf2001,
	author = {Raussendorf, Robert and Briegel, Hans J.},
	date-added = {2022-10-10 13:27:19 -0400},
	date-modified = {2022-10-10 13:27:19 -0400},
	doi = {10.1103/PhysRevLett.86.5188},
	journal = {Phys. Rev. Lett.},
	number = {22},
	pages = {5188--5191},
	title = {A {{One}}-{{Way Quantum Computer}}},
	volume = {86},
	year = {2001},
	bdsk-url-1 = {https://doi.org/10.1103/PhysRevLett.86.5188}}

@article{Lenstra1992,
	author = {Lenstra, H. W. and Pomerance, Carl},
	date-added = {2022-10-10 13:27:19 -0400},
	date-modified = {2022-10-10 13:27:19 -0400},
	doi = {10.1090/S0894-0347-1992-1137100-0},
	journal = {J. Amer. Math. Soc.},
	number = {3},
	pages = {483--516},
	title = {A Rigorous Time Bound for Factoring Integers},
	volume = {5},
	year = {1992},
	bdsk-url-1 = {https://doi.org/10.1090/S0894-0347-1992-1137100-0}}

@misc{Childs2019d,
	author = {Andrew M. Childs and Yuan Su and Minh C. Tran and Nathan Wiebe and Shuchen Zhu},
	date-added = {2022-10-10 13:27:19 -0400},
	date-modified = {2022-10-10 13:27:19 -0400},
	eprint = {arXiv:1912.08854},
	title = {A Theory of Trotter Error},
	year = {2019}}

@article{Young2020,
	author = {Jeremy T. Young and Przemyslaw Bienias and Ron Belyansky and Adam M. Kaufman and Alexey V. Gorshkov},
	date-added = {2022-10-10 13:27:19 -0400},
	date-modified = {2022-10-10 13:27:19 -0400},
	eprint = {arXiv:2006.02486},
	title = {Asymmetric blockade and multi-qubit gates via dipole-dipole interactions},
	year = {2020}}

@article{Gulliksen2015,
	author = {Gulliksen, Jake and Dasari, Durga Bhaktavatsala Rao and M{\o}lmer, Klaus},
	date-added = {2022-10-10 13:27:19 -0400},
	date-modified = {2022-10-10 13:27:19 -0400},
	doi = {10.1140/epjqt17},
	journal = {EPJ Quantum Technol.},
	number = {1},
	pages = {4},
	title = {Characterization of How Dissipation and Dephasing Errors Accumulate in Quantum Computers},
	volume = {2},
	year = {2015},
	bdsk-url-1 = {https://doi.org/10.1140/epjqt17}}

@inproceedings{Childs2019c,
	address = {{Dagstuhl, Germany}},
	author = {Childs, Andrew M. and Schoute, Eddie and Unsal, Cem M.},
	booktitle = {14th {{Conference}} on the {{Theory}} of {{Quantum Computation}}, {{Communication}} and {{Cryptography}} ({{TQC}} 2019)},
	date-added = {2022-10-10 13:27:19 -0400},
	date-modified = {2022-10-10 13:27:19 -0400},
	doi = {10.4230/LIPIcs.TQC.2019.3},
	pages = {3:1--3:24},
	title = {Circuit {{Transformations}} for {{Quantum Architectures}}},
	volume = {135},
	year = {2019},
	bdsk-url-1 = {https://doi.org/10.4230/LIPIcs.TQC.2019.3}}

@article{Jozsa2013,
	archiveprefix = {arXiv},
	author = {Jozsa, Richard and den Nest, Maarten Van},
	date-added = {2022-10-10 13:27:19 -0400},
	date-modified = {2022-10-10 13:27:19 -0400},
	eprint = {1305.6190},
	eprinttype = {arxiv},
	title = {Classical Simulation Complexity of Extended {{Clifford}} Circuits},
	year = {2013}}

@article{Martin2020,
	author = {Martin, Ana and Lamata, Lucas and Solano, Enrique and Sanz, Mikel},
	date-added = {2022-10-10 13:27:19 -0400},
	date-modified = {2022-10-10 13:27:19 -0400},
	doi = {10.1103/PhysRevResearch.2.013012},
	journal = {Phys. Rev. Research},
	number = {1},
	numpages = {9},
	pages = {013012},
	publisher = {{American Physical Society}},
	title = {Digital-Analog Quantum Algorithm for the Quantum {{Fourier}} Transform},
	volume = {2},
	year = {2020},
	bdsk-url-1 = {https://doi.org/10.1103/PhysRevResearch.2.013012}}

@article{Petrosyan2017,
	author = {Petrosyan, David},
	date-added = {2022-10-10 13:27:19 -0400},
	date-modified = {2022-10-10 13:27:19 -0400},
	doi = {10.1088/1367-2630/aa6170},
	journal = {New J. Phys.},
	number = {3},
	pages = {033001},
	title = {Dipolar Exchange Induced Transparency with {{Rydberg}} Atoms},
	volume = {19},
	year = {2017},
	bdsk-url-1 = {https://doi.org/10.1088/1367-2630/aa6170}}

@article{Osborne2006,
	author = {Osborne, Tobias J.},
	date-added = {2022-10-10 13:27:19 -0400},
	date-modified = {2022-10-10 13:27:19 -0400},
	doi = {10.1103/PhysRevLett.97.157202},
	journal = {Phys. Rev. Lett.},
	number = {15},
	pages = {157202},
	title = {Efficient {{Approximation}} of the {{Dynamics}} of {{One}}-{{Dimensional Quantum Spin Systems}}},
	volume = {97},
	year = {2006},
	bdsk-url-1 = {https://doi.org/10.1103/PhysRevLett.97.157202}}

@article{Molmer2011,
	author = {M{\o}lmer, Klaus and Isenhower, Larry and Saffman, Mark},
	date-added = {2022-10-10 13:27:19 -0400},
	date-modified = {2022-10-10 13:27:19 -0400},
	doi = {10.1088/0953-4075/44/18/184016},
	journal = {J. Phys. B: At. Mol. Opt. Phys.},
	number = {18},
	pages = {184016},
	title = {Efficient {{Grover}} Search with {{Rydberg}} Blockade},
	volume = {44},
	year = {2011},
	bdsk-url-1 = {https://doi.org/10.1088/0953-4075/44/18/184016}}

@article{Britton2012,
	author = {Britton, Joseph W. and Sawyer, Brian C. and Keith, Adam C. and Wang, C. -C Joseph and Freericks, James K. and Uys, Hermann and Biercuk, Michael J. and Bollinger, John J.},
	date-added = {2022-10-10 13:27:19 -0400},
	date-modified = {2022-10-10 13:27:19 -0400},
	day = {25},
	journal = {Nature},
	month = {Apr},
	pages = {489},
	publisher = {Nature Publishing Group, a division of Macmillan Publishers Limited. All Rights Reserved.},
	title = {{Engineered two-dimensional Ising interactions in a trapped-ion quantum simulator with hundreds of spins}},
	url = {http://dx.doi.org/10.1038/nature10981},
	volume = {484},
	year = {2012},
	bdsk-url-1 = {http://dx.doi.org/10.1038/nature10981}}

@article{Linke2017,
	author = {Linke, Norbert M. and Maslov, Dmitri and Roetteler, Martin and Debnath, Shantanu and Figgatt, Caroline and Landsman, Kevin A. and Wright, Kenneth and Monroe, Christopher},
	date-added = {2022-10-10 13:27:19 -0400},
	date-modified = {2022-10-10 13:27:19 -0400},
	doi = {10.1073/pnas.1618020114},
	journal = {Proc. Natl. Acad. Sci.},
	number = {13},
	pages = {3305--3310},
	title = {Experimental {{Comparison}} of {{Two Quantum Computing Architectures}}},
	volume = {114},
	year = {2017},
	bdsk-url-1 = {https://doi.org/10.1073/pnas.1618020114}}

@inproceedings{Cleve2000,
	address = {{USA}},
	author = {Cleve, Richard and Watrous, John},
	booktitle = {Proceedings of the 41st {{Annual Symposium}} on {{Foundations}} of {{Computer Science}}},
	date-added = {2022-10-10 13:27:19 -0400},
	date-modified = {2022-10-10 13:27:19 -0400},
	doi = {10.1109/SFCS.2000.892140},
	pages = {526},
	publisher = {{IEEE Computer Society}},
	series = {{{FOCS}} '00},
	title = {Fast Parallel Circuits for the Quantum {{Fourier}} Transform},
	year = {2000},
	bdsk-url-1 = {https://doi.org/10.1109/SFCS.2000.892140}}

@article{Eldredge2017,
	author = {Eldredge, Zachary and Gong, Zhe-Xuan and Young, Jeremy T. and Moosavian, Ali Hamed and {Foss-Feig}, Michael and Gorshkov, Alexey V.},
	date-added = {2022-10-10 13:27:19 -0400},
	date-modified = {2022-10-10 13:27:19 -0400},
	doi = {10.1103/PhysRevLett.119.170503},
	journal = {Phys. Rev. Lett.},
	number = {17},
	pages = {170503},
	title = {Fast {{Quantum State Transfer}} and {{Entanglement Renormalization Using Long}}-{{Range Interactions}}},
	volume = {119},
	year = {2017},
	bdsk-url-1 = {https://doi.org/10.1103/PhysRevLett.119.170503}}

@article{Lu2019,
	abstract = {Quantum computers can efficiently solve classically intractable problems, such as the factorization of a large number1 and the simulation of quantum many-body systems2,3. Universal quantum computation can be simplified by decomposing circuits into single- and two-qubit entangling gates4, but such decomposition is not necessarily efficient. It has been suggested that polynomial or exponential speedups can be obtained with global N-qubit (N greater than two) entangling gates5--9. Such global gates involve all-to-all connectivity, which emerges among trapped-ion qubits when using laser-driven collective motional modes10--14, and have been implemented for a single motional mode15,16. However, the single-mode approach is difficult to scale up because isolating single modes becomes challenging as the number of ions increases in a single crystal, and multi-mode schemes are scalable17,18 but limited to pairwise gates19--23. Here we propose and implement a scalable scheme for realizing global entangling gates on multiple 171Yb+ ion qubits by coupling to multiple motional modes through modulated laser fields. Because such global gates require decoupling multiple modes and balancing all pairwise coupling strengths during the gate, we develop a system with fully independent control capability on each ion14. To demonstrate the usefulness and flexibility of these global gates, we generate a Greenberger--Horne--Zeilinger state with up to four qubits using a single global operation. Our approach realizes global entangling gates as scalable building blocks for universal quantum computation, motivating future research in scalable global methods for quantum information processing.},
	author = {Lu, Yao and Zhang, Shuaining and Zhang, Kuan and Chen, Wentao and Shen, Yangchao and Zhang, Jialiang and Zhang, Jing-Ning and Kim, Kihwan},
	da = {2019/08/01},
	date-added = {2022-10-10 13:27:19 -0400},
	date-modified = {2022-10-10 13:27:19 -0400},
	doi = {10.1038/s41586-019-1428-4},
	id = {Lu2019},
	isbn = {1476-4687},
	journal = {Nature},
	number = {7769},
	pages = {363--367},
	title = {Global entangling gates on arbitrary ion qubits},
	ty = {JOUR},
	url = {https://doi.org/10.1038/s41586-019-1428-4},
	volume = {572},
	year = {2019},
	bdsk-url-1 = {https://doi.org/10.1038/s41586-019-1428-4}}

@article{Tran2020hierarchylinearlightcones,
	abstract = {In quantum many-body systems with local interactions, quantum information and entanglement cannot spread outside of a linear light cone, which expands at an emergent velocity analogous to the speed of light. Local operations at sufficiently separated spacetime points approximately commute\textemdash given a many-body state |{$\psi\rangle$}, Ox(t)Oy|{$\psi\rangle\approx$}OyOx(t)|{$\psi\rangle$} with arbitrarily small errors\textemdash so long as |x-y|{$\greaterequivlnt$}vt, where v is finite. Yet, most nonrelativistic physical systems realized in nature have long-range interactions: Two degrees of freedom separated by a distance r interact with potential energy V(r){$\propto$}1/r{$\alpha$}. In systems with long-range interactions, we rigorously establish a hierarchy of linear light cones: At the same {$\alpha$}, some quantum information processing tasks are constrained by a linear light cone, while others are not. In one spatial dimension, this linear light cone exists for every many-body state |{$\psi\rangle$} when {$\alpha>$}3 (Lieb-Robinson light cone); for a typical state |{$\psi\rangle$} chosen uniformly at random from the Hilbert space when {$\alpha>$}52 (Frobenius light cone); and for every state of a noninteracting system when {$\alpha>$}2 (free light cone). These bounds apply to time-dependent systems and are optimal up to subalgebraic improvements. Our theorems regarding the Lieb-Robinson and free light cones\textemdash and their tightness\textemdash also generalize to arbitrary dimensions. We discuss the implications of our bounds on the growth of connected correlators and of topological order, the clustering of correlations in gapped systems, and the digital simulation of systems with long-range interactions. In addition, we show that universal quantum state transfer, as well as many-body quantum chaos, is bounded by the Frobenius light cone and, therefore, is poorly constrained by all Lieb-Robinson bounds.},
	author = {Tran, Minh C. and Chen, Chi-Fang and Ehrenberg, Adam and Guo, Andrew Y. and Deshpande, Abhinav and Hong, Yifan and Gong, Zhe-Xuan and Gorshkov, Alexey V. and Lucas, Andrew},
	date-added = {2022-10-10 13:27:19 -0400},
	date-modified = {2022-10-10 13:27:19 -0400},
	doi = {10.1103/PhysRevX.10.031009},
	file = {/home/congminhc1/Zotero/storage/J4KZD3SA/Tran et al. - 2020 - Hierarchy of Linear Light Cones with Long-Range In.pdf;/home/congminhc1/Zotero/storage/M7QR2W3F/PhysRevX.10.html},
	journal = {Phys. Rev. X},
	month = jul,
	number = {3},
	pages = {031009},
	publisher = {{American Physical Society}},
	title = {Hierarchy of {{Linear Light Cones}} with {{Long}}-{{Range Interactions}}},
	volume = {10},
	year = {2020},
	bdsk-url-1 = {https://doi.org/10.1103/PhysRevX.10.031009}}

@article{Fenner2004,
	author = {Fenner, Stephen A. and Zhang, Yong},
	date-added = {2022-10-10 13:27:19 -0400},
	date-modified = {2022-10-10 13:27:19 -0400},
	eprint = {arXiv:quant-ph/0407125},
	title = {Implementing Fanout, Parity, and {{Mod}} Gates via Spin Exchange Interactions},
	year = {2004}}

@article{Fenner2003,
	author = {Fenner, Stephen A.},
	date-added = {2022-10-10 13:27:19 -0400},
	date-modified = {2022-10-10 13:27:19 -0400},
	eprint = {arXiv:quant-ph/0309163},
	title = {Implementing the Fanout Gate by a {{Hamiltonian}}},
	year = {2003}}

@article{Monroe2014,
	author = {Monroe, C. and Raussendorf, R. and Ruthven, A. and Brown, K. R. and Maunz, P. and Duan, L.-M. and Kim, J.},
	date-added = {2022-10-10 13:27:19 -0400},
	date-modified = {2022-10-10 13:27:19 -0400},
	doi = {10.1103/PhysRevA.89.022317},
	journal = {Phys. Rev. A},
	number = {2},
	pages = {022317},
	title = {Large-Scale Modular Quantum-Computer Architecture with Atomic Memory and Photonic Interconnects},
	volume = {89},
	year = {2014},
	bdsk-url-1 = {https://doi.org/10.1103/PhysRevA.89.022317}}

@article{Maslov2007,
	author = {Maslov, D.},
	date-added = {2022-10-10 13:27:19 -0400},
	date-modified = {2022-10-10 13:27:19 -0400},
	doi = {10.1103/PhysRevA.76.052310},
	journal = {Phys. Rev. A},
	number = {5},
	pages = {052310},
	title = {Linear {{Depth Stabilizer}} and {{Quantum Fourier Transformation Circuits}} with No {{Auxiliary Qubits}} in {{Finite Neighbor Quantum Architectures}}},
	volume = {76},
	year = {2007},
	bdsk-url-1 = {https://doi.org/10.1103/PhysRevA.76.052310}}

@article{Weimer2012,
	author = {Weimer, Hendrik and Yao, Norman Y. and Laumann, Chris R. and Lukin, Mikhail D.},
	date-added = {2022-10-10 13:27:19 -0400},
	date-modified = {2022-10-10 13:27:19 -0400},
	doi = {10.1103/PhysRevLett.108.100501},
	issue = {10},
	journal = {Phys. Rev. Lett.},
	month = {Mar},
	numpages = {5},
	pages = {100501},
	publisher = {American Physical Society},
	title = {Long-Range Quantum Gates using Dipolar Crystals},
	url = {https://link.aps.org/doi/10.1103/PhysRevLett.108.100501},
	volume = {108},
	year = {2012},
	bdsk-url-1 = {https://link.aps.org/doi/10.1103/PhysRevLett.108.100501},
	bdsk-url-2 = {https://doi.org/10.1103/PhysRevLett.108.100501}}

@article{Raussendorf2003,
	author = {Raussendorf, Robert and Browne, Daniel E. and Briegel, Hans J.},
	date-added = {2022-10-10 13:27:19 -0400},
	date-modified = {2022-10-10 13:27:19 -0400},
	doi = {10.1103/PhysRevA.68.022312},
	journal = {Phys. Rev. A},
	number = {2},
	pages = {022312},
	title = {Measurement-Based Quantum Computation on Cluster States},
	volume = {68},
	year = {2003},
	bdsk-url-1 = {https://doi.org/10.1103/PhysRevA.68.022312}}

@article{Muller2009,
	author = {M{\"u}ller, M. and Lesanovsky, I. and Weimer, H. and B{\"u}chler, H. P. and Zoller, P.},
	date-added = {2022-10-10 13:27:19 -0400},
	date-modified = {2022-10-10 13:27:19 -0400},
	doi = {10.1103/PhysRevLett.102.170502},
	journal = {Phys. Rev. Lett.},
	number = {17},
	pages = {170502},
	title = {Mesoscopic Rydberg Gate Based on Electromagnetically Induced Transparency},
	volume = {102},
	year = {2009},
	bdsk-url-1 = {https://doi.org/10.1103/PhysRevLett.102.170502}}

@article{Isenhower2011,
	author = {Isenhower, L. and Saffman, M. and M{\o}lmer, K.},
	date-added = {2022-10-10 13:27:19 -0400},
	date-modified = {2022-10-10 13:27:19 -0400},
	doi = {10.1007/s11128-011-0292-4},
	journal = {Quantum Inf. Process.},
	number = {6},
	pages = {755--770},
	title = {Multibit {{C}} k {{NOT}} Quantum Gates via {{Rydberg}} Blockade},
	volume = {10},
	year = {2011},
	bdsk-url-1 = {https://doi.org/10.1007/s11128-011-0292-4}}

@article{Yan2013,
	author = {Yan, Bo and Moses, Steven A. and Gadway, Bryce and Covey, Jacob P. and Hazzard, Kaden R. A. and Rey, Ana Maria and Jin, Deborah S. and Ye, Jun},
	date-added = {2022-10-10 13:27:19 -0400},
	date-modified = {2022-10-10 13:27:19 -0400},
	day = {18},
	journal = {Nature},
	month = {Sep},
	pages = {521},
	publisher = {Nature Publishing Group, a division of Macmillan Publishers Limited. All Rights Reserved.},
	title = {Observation of dipolar spin-exchange interactions with lattice-confined polar molecules},
	url = {http://dx.doi.org/10.1038/nature12483},
	volume = {501},
	year = {2013},
	bdsk-url-1 = {http://dx.doi.org/10.1038/nature12483}}

@article{Jozsa2006,
	archiveprefix = {arXiv},
	author = {Jozsa, Richard},
	date-added = {2022-10-10 13:27:19 -0400},
	date-modified = {2022-10-10 13:27:19 -0400},
	eprint = {quant-ph/0603163},
	eprinttype = {arxiv},
	title = {On the Simulation of Quantum Circuits},
	year = {2006}}

@inproceedings{Rosenbaum2013,
	address = {{Dagstuhl, Germany}},
	author = {Rosenbaum, David J.},
	booktitle = {8th {{Conference}} on the {{Theory}} of {{Quantum Computation}}, {{Communication}} and {{Cryptography}} ({{TQC}} 2013)},
	date-added = {2022-10-10 13:27:19 -0400},
	date-modified = {2022-10-10 13:27:19 -0400},
	doi = {10.4230/LIPIcs.TQC.2013.294},
	pages = {294--307},
	title = {Optimal {{Quantum Circuits}} for {{Nearest}}-{{Neighbor Architectures}}},
	volume = {22},
	year = {2013},
	bdsk-url-1 = {https://doi.org/10.4230/LIPIcs.TQC.2013.294}}

@article{Levine2019,
	author = {Levine, Harry and Keesling, Alexander and Semeghini, Giulia and Omran, Ahmed and Wang, Tout T. and Ebadi, Sepehr and Bernien, Hannes and Greiner, Markus and Vuleti\ifmmode \acute{c}\else \'{c}\fi{}, Vladan and Pichler, Hannes and Lukin, Mikhail D.},
	date-added = {2022-10-10 13:27:19 -0400},
	date-modified = {2022-10-10 13:27:19 -0400},
	doi = {10.1103/PhysRevLett.123.170503},
	issue = {17},
	journal = {Phys. Rev. Lett.},
	month = {Oct},
	numpages = {6},
	pages = {170503},
	publisher = {American Physical Society},
	title = {Parallel Implementation of High-Fidelity Multiqubit Gates with Neutral Atoms},
	url = {https://link.aps.org/doi/10.1103/PhysRevLett.123.170503},
	volume = {123},
	year = {2019},
	bdsk-url-1 = {https://link.aps.org/doi/10.1103/PhysRevLett.123.170503},
	bdsk-url-2 = {https://doi.org/10.1103/PhysRevLett.123.170503}}

@article{Broadbent2009a,
	author = {Broadbent, Anne and Kashefi, Elham},
	date-added = {2022-10-10 13:27:19 -0400},
	date-modified = {2022-10-10 13:27:19 -0400},
	doi = {10.1016/j.tcs.2008.12.046},
	journal = {Theor. Comput. Sci.},
	number = {26},
	pages = {2489--2510},
	title = {Parallelizing Quantum Circuits},
	volume = {410},
	year = {2009},
	bdsk-url-1 = {https://doi.org/10.1016/j.tcs.2008.12.046}}

@article{Shor1997,
	author = {Shor, Peter W.},
	date-added = {2022-10-10 13:27:19 -0400},
	date-modified = {2022-10-10 13:27:19 -0400},
	doi = {10.1137/S0097539795293172},
	journal = {SIAM J. Comput.},
	number = {5},
	pages = {1484--1509},
	publisher = {{Society for Industrial and Applied Mathematics}},
	title = {Polynomial-{{Time Algorithms}} for {{Prime Factorization}} and {{Discrete Logarithms}} on a {{Quantum Computer}}},
	volume = {26},
	year = {1997},
	bdsk-url-1 = {https://doi.org/10.1137/S0097539795293172}}

@inproceedings{Haah2018,
	address = {{Paris}},
	author = {Haah, Jeongwan and Hastings, Matthew B. and Kothari, Robin and Low, Guang Hao},
	booktitle = {2018 {{IEEE}} 59th {{Annual Symposium}} on {{Foundations}} of {{Computer Science}} ({{FOCS}})},
	date-added = {2022-10-10 13:27:19 -0400},
	date-modified = {2022-10-10 13:27:19 -0400},
	doi = {10.1109/FOCS.2018.00041},
	pages = {350--360},
	publisher = {{IEEE}},
	title = {Quantum Algorithm for Simulating Real Time Evolution of Lattice {{Hamiltonians}}},
	year = {2018},
	bdsk-url-1 = {https://doi.org/10.1109/FOCS.2018.00041}}

@inproceedings{Bernstein1993,
	address = {{San Diego, California, United States}},
	author = {Bernstein, Ethan and Vazirani, Umesh},
	booktitle = {Proceedings of the Twenty-Fifth Annual {{ACM}} Symposium on {{Theory}} of Computing - {{STOC}} '93},
	date-added = {2022-10-10 13:27:19 -0400},
	date-modified = {2022-10-10 13:27:19 -0400},
	doi = {10.1145/167088.167097},
	pages = {11--20},
	publisher = {{ACM Press}},
	title = {Quantum Complexity Theory},
	year = {1993},
	bdsk-url-1 = {https://doi.org/10.1145/167088.167097}}

@book{Nielsen2000,
	author = {Nielsen, Michael and Chuang, Isaac},
	date-added = {2022-10-10 13:27:19 -0400},
	date-modified = {2022-10-10 13:27:19 -0400},
	journal = {Camb. Univ. Press},
	title = {Quantum Computation and Quantum Information},
	year = {2000}}

@book{Nielsen2011,
	author = {Nielsen, Michael A. and Chuang, Isaac L.},
	date-added = {2022-10-10 13:27:19 -0400},
	date-modified = {2022-10-10 13:27:19 -0400},
	publisher = {{Cambridge University Press}},
	title = {Quantum {{Computation}} and {{Quantum Information}} 10th {{Anniversary Edition}}},
	year = {2011}}

@article{Preskill2018,
	author = {Preskill, John},
	date-added = {2022-10-10 13:27:19 -0400},
	date-modified = {2022-10-10 13:27:19 -0400},
	doi = {10.22331/q-2018-08-06-79},
	journal = {Quantum},
	pages = {79},
	title = {Quantum {{Computing}} in the {{NISQ}} Era and Beyond},
	volume = {2},
	year = {2018},
	bdsk-url-1 = {https://doi.org/10.22331/q-2018-08-06-79}}

@article{Hoyer2005,
	author = {Hoyer, Peter and Spalek, Robert},
	date-added = {2022-10-10 13:27:19 -0400},
	date-modified = {2022-10-10 13:27:19 -0400},
	doi = {10.4086/toc.2005.v001a005},
	journal = {Theory of Comput.},
	number = {1},
	pages = {81--103},
	title = {Quantum Fanout is Powerful},
	volume = {1},
	year = {2005},
	bdsk-url-1 = {https://doi.org/10.4086/toc.2005.v001a005}}

@article{Saffman2010,
	author = {Saffman, M. and Walker, T. G. and M\o{}lmer, K.},
	date-added = {2022-10-10 13:27:19 -0400},
	date-modified = {2022-10-10 13:27:19 -0400},
	doi = {10.1103/RevModPhys.82.2313},
	issue = {3},
	journal = {Rev. Mod. Phys.},
	month = {Aug},
	numpages = {0},
	pages = {2313--2363},
	publisher = {American Physical Society},
	title = {Quantum information with Rydberg atoms},
	url = {https://link.aps.org/doi/10.1103/RevModPhys.82.2313},
	volume = {82},
	year = {2010},
	bdsk-url-1 = {https://link.aps.org/doi/10.1103/RevModPhys.82.2313},
	bdsk-url-2 = {https://doi.org/10.1103/RevModPhys.82.2313}}

@article{Epstein2017,
	author = {Epstein, Jeffrey M. and Whaley, K. Birgitta},
	date-added = {2022-10-10 13:27:19 -0400},
	date-modified = {2022-10-10 13:27:19 -0400},
	doi = {10.1103/PhysRevA.95.042314},
	journal = {Phys. Rev. A},
	number = {4},
	pages = {042314},
	title = {Quantum Speed Limits for Quantum-Information-Processing Tasks},
	volume = {95},
	year = {2017},
	bdsk-url-1 = {https://doi.org/10.1103/PhysRevA.95.042314}}

@article{Arute2019,
	author = {Arute,~et~al., Frank},
	da = {2019/10/01},
	date-added = {2022-10-10 13:27:19 -0400},
	date-modified = {2022-10-10 13:27:19 -0400},
	doi = {10.1038/s41586-019-1666-5},
	id = {Arute2019},
	isbn = {1476-4687},
	journal = {Nature},
	number = {7779},
	pages = {505--510},
	title = {Quantum supremacy using a programmable superconducting processor},
	ty = {JOUR},
	url = {https://doi.org/10.1038/s41586-019-1666-5},
	volume = {574},
	year = {2019},
	bdsk-url-1 = {https://doi.org/10.1038/s41586-019-1666-5}}

@article{Yao2012,
	author = {Yao, N. Y. and Jiang, L. and Gorshkov, A. V. and Maurer, P. C. and Giedke, G. and Cirac, J. I. and Lukin, M. D.},
	date = {2012/04/24/online},
	date-added = {2022-10-10 13:27:19 -0400},
	date-modified = {2022-10-10 13:27:19 -0400},
	day = {24},
	journal = {Nat. Commun.},
	l3 = {10.1038/ncomms1788; https://www.nature.com/articles/ncomms1788#supplementary-information},
	m3 = {Article},
	month = {04},
	pages = {800 EP -},
	publisher = {Nature Publishing Group, a division of Macmillan Publishers Limited. All Rights Reserved. SN -},
	title = {Scalable architecture for a room temperature solid-state quantum information processor},
	ty = {JOUR},
	url = {https://doi.org/10.1038/ncomms1788},
	volume = {3},
	year = {2012},
	bdsk-url-1 = {https://doi.org/10.1038/ncomms1788}}

@article{Guo2019,
	abstract = {Strongly long-range interacting quantum systems---those with interactions decaying as a power-law \$1/r\^\{\textbackslash alpha\}\$ in the distance \$r\$ on a \$D\$-dimensional lattice for \$\textbackslash alpha\textbackslash le D\$---have received significant interest in recent years. They are present in leading experimental platforms for quantum computation and simulation, as well as in theoretical models of quantum information scrambling and fast entanglement creation. Since no notion of locality is expected in such systems, a general understanding of their dynamics is lacking. As a first step towards rectifying this problem, we prove two new Lieb-Robinson-type bounds that constrain the time for signaling and scrambling in strongly long-range interacting systems, for which no tight bounds were previously known. Our first bound applies to systems mappable to free-particle Hamiltonians with long-range hopping, and is saturable for \$\textbackslash alpha\textbackslash le D/2\$. Our second bound pertains to generic long-range interacting spin Hamiltonians, and leads to a tight lower bound for the signaling time to extensive subsets of the system for all \$\textbackslash alpha {$<$} D\$. This result also lower-bounds the scrambling time, and suggests a path towards achieving a tight scrambling bound that can prove the long-standing fast scrambling conjecture.},
	author = {Guo, Andrew Y. and Tran, Minh C. and Childs, Andrew M. and Gorshkov, Alexey V. and Gong, Zhe-Xuan},
	date-added = {2022-10-10 13:27:19 -0400},
	date-modified = {2022-10-10 13:27:19 -0400},
	doi = {10.1103/PhysRevA.102.010401},
	issn = {2469-9926, 2469-9934},
	journal = {Phys. Rev. A},
	keywords = {Quantum Physics},
	month = jul,
	number = {1},
	pages = {010401},
	title = {Signaling and {{Scrambling}} with {{Strongly Long}}-{{Range Interactions}}},
	volume = {102},
	year = {2020},
	bdsk-url-1 = {https://doi.org/10.1103/PhysRevA.102.010401}}

@article{Hastings2006,
	author = {{Hastings}, M.~B. and {Koma}, T.},
	date-added = {2022-10-10 13:27:19 -0400},
	date-modified = {2022-10-10 13:27:19 -0400},
	doi = {10.1007/s00220-006-0030-4},
	journal = {Comm. Math. Phys.},
	month = aug,
	pages = {781-804},
	title = {{Spectral Gap and Exponential Decay of Correlations}},
	volume = 265,
	year = 2006,
	bdsk-url-1 = {http://dx.doi.org/10.1007/s00220-006-0030-4}}

@article{kuwaharaStrictlyLinearLight2020,
	author = {Kuwahara, Tomotaka and Saito, Keiji},
	date-added = {2022-10-10 13:27:19 -0400},
	date-modified = {2022-10-10 13:27:19 -0400},
	doi = {10.1103/PhysRevX.10.031010},
	issue = {3},
	journal = {Phys. Rev. X},
	month = {Jul},
	numpages = {12},
	pages = {031010},
	publisher = {American Physical Society},
	title = {Strictly Linear Light Cones in Long-Range Interacting Systems of Arbitrary Dimensions},
	url = {https://link.aps.org/doi/10.1103/PhysRevX.10.031010},
	volume = {10},
	year = {2020},
	bdsk-url-1 = {https://link.aps.org/doi/10.1103/PhysRevX.10.031010},
	bdsk-url-2 = {https://doi.org/10.1103/PhysRevX.10.031010}}

@book{Lenstra1993,
	address = {{Berlin, Heidelberg}},
	date-added = {2022-10-10 13:27:19 -0400},
	date-modified = {2022-10-10 13:27:19 -0400},
	doi = {10.1007/BFb0091534},
	editor = {Lenstra, Arjen K. and Lenstra, Hendrik W.},
	publisher = {{Springer Berlin Heidelberg}},
	series = {Lecture {{Notes}} in {{Mathematics}}},
	title = {The Development of the Number Field Sieve},
	volume = {1554},
	year = {1993},
	bdsk-url-1 = {https://doi.org/10.1007/BFb0091534}}

@article{Lieb1972,
	author = {Lieb, Elliott H. and Robinson, Derek W.},
	date-added = {2022-10-10 13:27:19 -0400},
	date-modified = {2022-10-10 13:27:19 -0400},
	doi = {10.1007/BF01645779},
	journal = {Commun. Math. Phys.},
	number = {3},
	pages = {251--257},
	title = {The Finite Group Velocity of Quantum Spin Systems},
	volume = {28},
	year = {1972},
	bdsk-url-1 = {https://doi.org/10.1007/BF01645779}}

@article{Takahashi2007,
	address = {Paramus, NJ},
	author = {Takahashi, Yasuhiro and Kunihiro, Noboru and Ohta, Kazuo},
	date-added = {2022-10-10 13:27:19 -0400},
	date-modified = {2022-10-10 13:27:19 -0400},
	issn = {1533-7146},
	issue_date = {May 2007},
	journal = {Quantum Info. Comput.},
	keywords = {linear nearest neighbor architectures, quantum circuits, Shor's factoring algorithm, quantum Fourier transforms},
	month = may,
	number = {4},
	numpages = {9},
	pages = {383--391},
	publisher = {Rinton Press, Incorporated},
	title = {The Quantum Fourier Transform on a Linear Nearest Neighbor Architecture},
	volume = {7},
	year = {2007}}

@article{Bapat2018,
	author = {Bapat, Aniruddha and Eldredge, Zachary and Garrison, James R. and Deshpande, Abhinav and Chong, Frederic T. and Gorshkov, Alexey V.},
	copyright = {All rights reserved},
	date-added = {2022-10-10 13:27:19 -0400},
	date-modified = {2022-10-10 13:27:19 -0400},
	doi = {10.1103/PhysRevA.98.062328},
	journal = {Phys. Rev. A},
	number = {6},
	pages = {062328},
	title = {Unitary Entanglement Construction in Hierarchical Networks},
	volume = {98},
	year = {2018},
	bdsk-url-1 = {https://doi.org/10.1103/PhysRevA.98.062328}}

@article{Maslov2018,
	abstract = {In this paper we study the ways to use a global entangling operator to efficiently implement circuitry common to a selection of important quantum algorithms. In particular, we focus on the circuits composed with global Ising entangling gates and arbitrary addressable single-qubit gates. We show that under various circumstances the use of global operations can substantially improve the entangling gate count.},
	author = {Dmitri Maslov and Yunseong Nam},
	date-added = {2022-10-10 13:27:19 -0400},
	date-modified = {2022-10-10 13:27:19 -0400},
	doi = {10.1088/1367-2630/aaa398},
	journal = {New J. Phys},
	month = {mar},
	number = {3},
	pages = {033018},
	publisher = {{IOP} Publishing},
	title = {Use of global interactions in efficient quantum circuit constructions},
	url = {https://doi.org/10.1088%2F1367-2630%2Faaa398},
	volume = {20},
	year = 2018,
	bdsk-url-1 = {https://doi.org/10.1088%2F1367-2630%2Faaa398},
	bdsk-url-2 = {https://doi.org/10.1088/1367-2630/aaa398}}

@article{Coppersmith94,
	author = {Coppersmith, Don},
	date-added = {2022-10-10 13:27:19 -0400},
	date-modified = {2022-10-10 13:27:19 -0400},
	eprint = {arXiv:quant-ph/0201067},
	journal = {IBM Technical Report No. RC19642},
	year = {1994}}

@misc{SM,
	date-added = {2022-10-10 13:27:19 -0400},
	date-modified = {2022-10-10 13:27:19 -0400},
	note = {See the Supplemental Material for a detailed proof of \cref{lemma:statetransfer}.}}

@article{Chen2019,
	author = {Chen, Chi-Fang and Lucas, Andrew},
	date-added = {2022-10-10 13:27:19 -0400},
	date-modified = {2022-10-10 13:27:19 -0400},
	doi = {10.1103/PhysRevLett.123.250605},
	issue = {25},
	journal = {Phys. Rev. Lett.},
	month = {Dec},
	numpages = {5},
	pages = {250605},
	publisher = {American Physical Society},
	title = {Finite Speed of Quantum Scrambling with Long Range Interactions},
	url = {https://link.aps.org/doi/10.1103/PhysRevLett.123.250605},
	volume = {123},
	year = {2019},
	bdsk-url-1 = {https://link.aps.org/doi/10.1103/PhysRevLett.123.250605},
	bdsk-url-2 = {https://doi.org/10.1103/PhysRevLett.123.250605}}

@article{Sweke2019,
	abstract = {We state and prove four types of Lieb--Robinson bounds valid for many-body open quantum systems with power law decaying interactions undergoing out of equilibrium dynamics. We also provide an introductory and self-contained discussion of the setting and tools necessary to prove these results. The results found here apply to physical systems in which both long-ranged interactions and dissipation are present, as commonly encountered in certain quantum simulators, such as Rydberg systems or Coulomb crystals formed by ions.},
	author = {Ryan Sweke and Jens Eisert and Michael Kastner},
	date-added = {2022-10-10 13:27:19 -0400},
	date-modified = {2022-10-10 13:27:19 -0400},
	doi = {10.1088/1751-8121/ab3f4a},
	journal = {J. Phys. A Math. Theor.},
	month = {sep},
	number = {42},
	pages = {424003},
	publisher = {{IOP} Publishing},
	title = {Lieb{\textendash}Robinson bounds for open quantum systems with long-ranged interactions},
	url = {https://doi.org/10.1088%2F1751-8121%2Fab3f4a},
	volume = {52},
	year = 2019,
	bdsk-url-1 = {https://doi.org/10.1088%2F1751-8121%2Fab3f4a},
	bdsk-url-2 = {https://doi.org/10.1088/1751-8121/ab3f4a}}

@article{Kastoryano2013,
	author = {Kastoryano,Michael J. and Eisert,Jens},
	date-added = {2022-10-10 13:27:19 -0400},
	date-modified = {2022-10-10 13:27:19 -0400},
	doi = {10.1063/1.4822481},
	journal = {J. Math. Phys.},
	number = {10},
	pages = {102201},
	title = {Rapid mixing implies exponential decay of correlations},
	url = {https://doi.org/10.1063/1.4822481},
	volume = {54},
	year = {2013},
	bdsk-url-1 = {https://doi.org/10.1063/1.4822481}}

@article{Tran2019a,
	author = {Tran, Minh C. and Guo, Andrew Y. and Su, Yuan and Garrison, James R. and Eldredge, Zachary and Foss-Feig, Michael and Childs, Andrew M. and Gorshkov, Alexey V.},
	date-added = {2022-10-10 13:27:19 -0400},
	date-modified = {2022-10-10 13:27:19 -0400},
	doi = {10.1103/PhysRevX.9.031006},
	issue = {3},
	journal = {Phys. Rev. X},
	month = {Jul},
	numpages = {22},
	pages = {031006},
	publisher = {American Physical Society},
	title = {Locality and Digital Quantum Simulation of Power-Law Interactions},
	url = {https://link.aps.org/doi/10.1103/PhysRevX.9.031006},
	volume = {9},
	year = {2019},
	bdsk-url-1 = {https://link.aps.org/doi/10.1103/PhysRevX.9.031006},
	bdsk-url-2 = {https://doi.org/10.1103/PhysRevX.9.031006}}

@article{Bravyi2006,
	author = {Bravyi, S. and Hastings, M. B. and Verstraete, F.},
	date-added = {2022-10-10 13:27:19 -0400},
	date-modified = {2022-10-10 13:27:19 -0400},
	doi = {10.1103/PhysRevLett.97.050401},
	journal = {Phys. Rev. Lett.},
	number = {5},
	pages = {050401},
	title = {Lieb-{{Robinson Bounds}} and the {{Generation}} of {{Correlations}} and {{Topological Quantum Order}}},
	volume = {97},
	year = {2006},
	bdsk-url-1 = {https://doi.org/10.1103/PhysRevLett.97.050401}}

@article{Foss-Feig2015,
	author = {Foss-Feig, Michael and Gong, Zhe-Xuan and Clark, Charles W. and Gorshkov, Alexey V.},
	date-added = {2022-10-10 13:27:19 -0400},
	date-modified = {2022-10-10 13:27:19 -0400},
	doi = {10.1103/PhysRevLett.114.157201},
	issue = {15},
	journal = {Phys. Rev. Lett.},
	month = {Apr},
	numpages = {5},
	pages = {157201},
	publisher = {American Physical Society},
	title = {Nearly Linear Light Cones in Long-Range Interacting Quantum Systems},
	url = {https://link.aps.org/doi/10.1103/PhysRevLett.114.157201},
	volume = {114},
	year = {2015},
	bdsk-url-1 = {https://link.aps.org/doi/10.1103/PhysRevLett.114.157201},
	bdsk-url-2 = {https://doi.org/10.1103/PhysRevLett.114.157201}}

@article{Gong2014,
	author = {Gong, Zhe-Xuan and Foss-Feig, Michael and Michalakis, Spyridon and Gorshkov, Alexey V.},
	date-added = {2022-10-10 13:27:19 -0400},
	date-modified = {2022-10-10 13:27:19 -0400},
	doi = {10.1103/PhysRevLett.113.030602},
	issue = {3},
	journal = {Phys. Rev. Lett.},
	month = {Jul},
	numpages = {5},
	pages = {030602},
	publisher = {American Physical Society},
	title = {Persistence of Locality in Systems with Power-Law Interactions},
	url = {https://link.aps.org/doi/10.1103/PhysRevLett.113.030602},
	volume = {113},
	year = {2014},
	bdsk-url-1 = {https://link.aps.org/doi/10.1103/PhysRevLett.113.030602},
	bdsk-url-2 = {https://doi.org/10.1103/PhysRevLett.113.030602}}

@article{Kastoryano2013b,
	abstract = {A family of logarithmic Sobolev inequalities on finite dimensional quantum state spaces is introduced. The framework of non-commutative Lp-spaces is reviewed and the relationship between quantum logarithmic Sobolev inequalities and the hypercontractivity of quantum semigroups is discussed. This relationship is central for the derivation of lower bounds for the logarithmic Sobolev (LS) constants. Essential results for the family of inequalities are proved, and we show an upper bound to the generalized LS constant in terms of the spectral gap of the generator of the semigroup. These inequalities provide a framework for the derivation of improved bounds on the convergence time of quantum dynamical semigroups, when the LS constant and the spectral gap are of the same order. Convergence bounds on finite dimensional state spaces are particularly relevant for the field of quantum information theory. We provide a number of examples, where improved bounds on the mixing time of several semigroups are obtained, including the depolarizing semigroup and quantum expanders. {\textcopyright} 2013 AIP Publishing LLC.},
	archiveprefix = {arXiv},
	arxivid = {1207.3261},
	author = {Kastoryano, Michael J. and Temme, Kristan},
	date-added = {2022-10-10 13:27:19 -0400},
	date-modified = {2022-10-10 13:27:19 -0400},
	doi = {10.1063/1.4804995},
	eprint = {1207.3261},
	file = {:Users/andrew/Dropbox/Mendeley Research Papers/Kastoryano, Temme - 2013 - Quantum logarithmic Sobolev inequalities and rapid mixing.pdf:pdf},
	issn = {00222488},
	journal = {J. Math. Phys.},
	mendeley-groups = {Open systems LR bounds},
	number = {5},
	pages = {1--34},
	title = {{Quantum logarithmic Sobolev inequalities and rapid mixing}},
	volume = {54},
	year = {2013},
	bdsk-url-1 = {https://doi.org/10.1063/1.4804995}}

@article{Tran2019b,
	author = {Tran, Minh C. and Ehrenberg, Adam and Guo, Andrew Y. and Titum, Paraj and Abanin, Dmitry A. and Gorshkov, Alexey V.},
	date-added = {2022-10-10 13:27:19 -0400},
	date-modified = {2022-10-10 13:27:19 -0400},
	doi = {10.1103/PhysRevA.100.052103},
	issue = {5},
	journal = {Phys. Rev. A},
	month = {Nov},
	numpages = {17},
	pages = {052103},
	publisher = {American Physical Society},
	title = {Locality and heating in periodically driven, power-law-interacting systems},
	url = {https://link.aps.org/doi/10.1103/PhysRevA.100.052103},
	volume = {100},
	year = {2019},
	bdsk-url-1 = {https://link.aps.org/doi/10.1103/PhysRevA.100.052103},
	bdsk-url-2 = {https://doi.org/10.1103/PhysRevA.100.052103}}

@article{Tran2021b,
	author = {Tran, Minh C. and Guo, Andrew Y. and Baldwin, Christopher L. and Ehrenberg, Adam and Gorshkov, Alexey V. and Lucas, Andrew},
	date-added = {2022-10-10 13:27:19 -0400},
	date-modified = {2022-10-10 13:27:19 -0400},
	doi = {10.1103/PhysRevLett.127.160401},
	issue = {16},
	journal = {Phys. Rev. Lett.},
	numpages = {6},
	pages = {160401},
	publisher = {American Physical Society},
	title = {{Lieb-Robinson} Light Cone for Power-Law Interactions},
	url = {https://link.aps.org/doi/10.1103/PhysRevLett.127.160401},
	volume = {127},
	year = {2021},
	bdsk-url-1 = {https://link.aps.org/doi/10.1103/PhysRevLett.127.160401},
	bdsk-url-2 = {https://doi.org/10.1103/PhysRevLett.127.160401}}

@misc{Guo2020,
	abstract = {The standard circuit model for quantum computation presumes the ability to directly perform gates between arbitrary pairs of qubits, which is unlikely to be practical for large-scale experiments. Power-law interactions with strength decaying as \$1/r\^\textbackslash alpha\$ in the distance \$r\$ provide an experimentally realizable resource for information processing, whilst still retaining long-range connectivity. We leverage the power of these interactions to implement a fast quantum fanout gate with an arbitrary number of targets. Our implementation allows the quantum Fourier transform (QFT) and Shor's algorithm to be performed on a \$D\$-dimensional lattice in time logarithmic in the number of qubits for interactions with \$\textbackslash alpha \textbackslash le D\$. As a corollary, we show that power-law systems with \$\textbackslash alpha \textbackslash le D\$ are difficult to simulate classically even for short times, under a standard assumption that factoring is classically intractable. Complementarily, we develop a new technique to give a general lower bound, linear in the size of the system, on the time required to implement the QFT and the fanout gate in systems that are constrained by a linear light cone. This allows us to prove an asymptotically tighter lower bound for long-range systems than is possible with previously available techniques.},
	archiveprefix = {arXiv},
	author = {Guo, Andrew Y. and Deshpande, Abhinav and Chu, Su-Kuan and Eldredge, Zachary and Bienias, Przemyslaw and Devulapalli, Dhruv and Su, Yuan and Childs, Andrew M. and Gorshkov, Alexey V.},
	date-added = {2022-10-10 13:27:19 -0400},
	date-modified = {2022-10-10 13:27:19 -0400},
	eprint = {2007.00662},
	eprinttype = {arxiv},
	journal = {arXiv:2007.00662 [quant-ph]},
	keywords = {Computer Science - Computational Complexity,Quantum Physics},
	month = jul,
	primaryclass = {quant-ph},
	title = {Implementing a {{Fast Unbounded Quantum Fanout Gate Using Power}}-{{Law Interactions}}},
	year = {2020}}

@article{Lashkari2013,
	abstract = {Many proposed quantum mechanical models of black holes include highly non-local interactions. The time required for thermalization to occur in such models should reflect the relaxation times associated with classical black holes in general relativity. Moreover, the time required for a particularly strong form of thermalization to occur, sometimes known as scrambling, determines the time scale on which black holes should start to release information. It has been conjectured that black holes scramble in a time logarithmic in their entropy, and that no system in nature can scramble faster. In this article, we address the conjecture from two directions. First, we exhibit two examples of systems that do indeed scramble in logarithmic time: Brownian quantum circuits and the antiferromagnetic Ising model on a sparse random graph. Unfortunately, both fail to be truly ideal fast scramblers for reasons we discuss. Second, we use Lieb-Robinson techniques to prove a logarithmic lower bound on the scrambling time of systems with finite norm terms in their Hamiltonian. The bound holds in spite of any nonlocal structure in the Hamiltonian, which might permit every degree of freedom to interact directly with every other one.},
	author = {Lashkari, Nima and Stanford, Douglas and Hastings, Matthew and Osborne, Tobias and Hayden, Patrick},
	date-added = {2022-10-10 13:27:19 -0400},
	date-modified = {2022-10-10 13:27:19 -0400},
	day = {03},
	doi = {10.1007/JHEP04(2013)022},
	issn = {1029-8479},
	journal = {J. High Energy Phys.},
	month = {Apr},
	number = {4},
	pages = {22},
	title = {Towards the fast scrambling conjecture},
	url = {https://doi.org/10.1007/JHEP04(2013)022},
	volume = {2013},
	year = {2013},
	bdsk-url-1 = {https://doi.org/10.1007/JHEP04(2013)022},
	bdsk-url-2 = {http://dx.doi.org/10.1007/JHEP04(2013)022}}

@article{Abanin2015,
	adsnote = {Provided by the SAO/NASA Astrophysics Data System},
	adsurl = {https://ui.adsabs.harvard.edu/abs/2015PhRvL.115y6803A},
	author = {{Abanin}, Dmitry A. and {De Roeck}, Wojciech and {Huveneers}, Fran{\c{c}}ois},
	date-added = {2022-10-10 13:27:19 -0400},
	date-modified = {2022-10-10 13:27:19 -0400},
	doi = {10.1103/PhysRevLett.115.256803},
	eid = {256803},
	journal = {PRL},
	keywords = {73.43.Cd, 05.30.Jp, 37.10.Jk, 71.10.Fd, Theory and modeling, Boson systems, Atoms in optical lattices, Lattice fermion models, Condensed Matter - Statistical Mechanics},
	month = {Dec},
	pages = {256803},
	title = {{Exponentially Slow Heating in Periodically Driven Many-Body Systems}},
	volume = {115},
	year = {2015},
	bdsk-url-1 = {https://doi.org/10.1103/PhysRevLett.115.256803}}

@article{Gong2017,
	author = {Gong, Zhe-Xuan and Foss-Feig, Michael and Brand\~ao, Fernando G. S. L. and Gorshkov, Alexey V.},
	date-added = {2022-10-10 13:27:19 -0400},
	date-modified = {2022-10-10 13:27:19 -0400},
	doi = {10.1103/PhysRevLett.119.050501},
	issue = {5},
	journal = {Phys. Rev. Lett.},
	month = {Jul},
	numpages = {6},
	pages = {050501},
	publisher = {American Physical Society},
	title = {Entanglement Area Laws for Long-Range Interacting Systems},
	url = {https://link.aps.org/doi/10.1103/PhysRevLett.119.050501},
	volume = {119},
	year = {2017},
	bdsk-url-1 = {https://link.aps.org/doi/10.1103/PhysRevLett.119.050501},
	bdsk-url-2 = {https://doi.org/10.1103/PhysRevLett.119.050501}}

@misc{Maskara2019,
	author = {Nishad Maskara and Abhinav Deshpande and Adam Ehrenberg and Minh C. Tran and Bill Fefferman and Alexey V. Gorshkov},
	date-added = {2022-10-10 13:27:19 -0400},
	date-modified = {2022-10-10 13:27:19 -0400},
	eprint = {arXiv:1906.04178},
	title = {Complexity phase diagram for interacting and long-range bosonic Hamiltonians},
	year = {2019}}

@article{Deshpande2018,
	author = {Deshpande, Abhinav and Fefferman, Bill and Tran, Minh C. and Foss-Feig, Michael and Gorshkov, Alexey V.},
	date-added = {2022-10-10 13:27:19 -0400},
	date-modified = {2022-10-10 13:27:19 -0400},
	doi = {10.1103/PhysRevLett.121.030501},
	issue = {3},
	journal = {Phys. Rev. Lett.},
	month = {Jul},
	numpages = {6},
	pages = {030501},
	publisher = {American Physical Society},
	title = {Dynamical Phase Transitions in Sampling Complexity},
	url = {https://link.aps.org/doi/10.1103/PhysRevLett.121.030501},
	volume = {121},
	year = {2018},
	bdsk-url-1 = {https://link.aps.org/doi/10.1103/PhysRevLett.121.030501},
	bdsk-url-2 = {https://doi.org/10.1103/PhysRevLett.121.030501}}

@book{Breuer2010,
	author = {Breuer, Heinz-Peter and Petruccione, Francesco},
	date-added = {2022-10-10 13:27:19 -0400},
	date-modified = {2022-10-10 13:27:19 -0400},
	place = {Oxford},
	publisher = {Oxford Univ. Press},
	title = {The theory of open quantum systems},
	year = {2010}}

@article{Monroe2021,
	author = {Monroe, C. and Campbell, W. C. and Duan, L.-M. and Gong, Z.-X. and Gorshkov, A. V. and Hess, P. W. and Islam, R. and Kim, K. and Linke, N. M. and Pagano, G. and Richerme, P. and Senko, C. and Yao, N. Y.},
	date-added = {2022-10-10 13:27:19 -0400},
	date-modified = {2022-10-10 13:27:19 -0400},
	doi = {10.1103/RevModPhys.93.025001},
	issue = {2},
	journal = {Rev. Mod. Phys.},
	month = {Apr},
	numpages = {57},
	pages = {025001},
	publisher = {American Physical Society},
	title = {Programmable quantum simulations of spin systems with trapped ions},
	url = {https://link.aps.org/doi/10.1103/RevModPhys.93.025001},
	volume = {93},
	year = {2021},
	bdsk-url-1 = {https://link.aps.org/doi/10.1103/RevModPhys.93.025001},
	bdsk-url-2 = {https://doi.org/10.1103/RevModPhys.93.025001}}

@article{Bravyi2010,
	author = {Bravyi,Sergey and Hastings,Matthew B. and Michalakis,Spyridon},
	date-added = {2022-10-10 13:27:19 -0400},
	date-modified = {2022-10-10 13:27:19 -0400},
	doi = {10.1063/1.3490195},
	journal = {J. Math. Phys.},
	number = {9},
	pages = {093512},
	title = {Topological quantum order: Stability under local perturbations},
	url = {https://doi.org/10.1063/1.3490195},
	volume = {51},
	year = {2010},
	bdsk-url-1 = {https://doi.org/10.1063/1.3490195}}

@article{Hastings2007,
	author = {M B Hastings},
	date-added = {2022-10-10 13:27:19 -0400},
	date-modified = {2022-10-10 13:27:19 -0400},
	doi = {10.1088/1742-5468/2007/08/p08024},
	journal = {J. Stat. Mech: Theory Exp.},
	month = {aug},
	number = {08},
	pages = {P08024--P08024},
	publisher = {{IOP} Publishing},
	title = {An area law for one-dimensional quantum systems},
	url = {https://doi.org/10.1088%2F1742-5468%2F2007%2F08%2Fp08024},
	volume = {2007},
	year = 2007,
	bdsk-url-1 = {https://doi.org/10.1088%2F1742-5468%2F2007%2F08%2Fp08024},
	bdsk-url-2 = {https://doi.org/10.1088/1742-5468/2007/08/p08024}}

@article{Knight1998,
	author = {Plenio, M. B. and Knight, P. L.},
	date-added = {2022-10-10 13:27:19 -0400},
	date-modified = {2022-10-10 13:27:19 -0400},
	doi = {10.1103/RevModPhys.70.101},
	issue = {1},
	journal = {Rev. Mod. Phys.},
	month = {Jan},
	numpages = {0},
	pages = {101--144},
	publisher = {American Physical Society},
	title = {The quantum-jump approach to dissipative dynamics in quantum optics},
	url = {https://link.aps.org/doi/10.1103/RevModPhys.70.101},
	volume = {70},
	year = {1998},
	bdsk-url-1 = {https://link.aps.org/doi/10.1103/RevModPhys.70.101},
	bdsk-url-2 = {https://doi.org/10.1103/RevModPhys.70.101}}

@article{Ashida2018,
	author = {Ashida, Yuto and Ueda, Masahito},
	date-added = {2022-10-10 13:27:19 -0400},
	date-modified = {2022-10-10 13:27:19 -0400},
	doi = {10.1103/PhysRevLett.120.185301},
	issue = {18},
	journal = {Phys. Rev. Lett.},
	month = {May},
	numpages = {7},
	pages = {185301},
	publisher = {American Physical Society},
	title = {Full-Counting Many-Particle Dynamics: Nonlocal and Chiral Propagation of Correlations},
	url = {https://link.aps.org/doi/10.1103/PhysRevLett.120.185301},
	volume = {120},
	year = {2018},
	bdsk-url-1 = {https://link.aps.org/doi/10.1103/PhysRevLett.120.185301},
	bdsk-url-2 = {https://doi.org/10.1103/PhysRevLett.120.185301}}

@article{Kastoryano2013d,
	author = {Kastoryano,Michael J. and Temme,Kristan},
	date-added = {2022-10-10 13:27:19 -0400},
	date-modified = {2022-10-10 13:27:19 -0400},
	doi = {10.1063/1.4804995},
	journal = {J. Math. Phys.},
	number = {5},
	pages = {052202},
	title = {Quantum logarithmic Sobolev inequalities and rapid mixing},
	url = {https://doi.org/10.1063/1.4804995},
	volume = {54},
	year = {2013},
	bdsk-url-1 = {https://doi.org/10.1063/1.4804995}}

@article{Lidar1998,
	author = {Lidar, D. A. and Chuang, I. L. and Whaley, K. B.},
	date-added = {2022-10-10 13:27:19 -0400},
	date-modified = {2022-10-10 13:27:19 -0400},
	doi = {10.1103/PhysRevLett.81.2594},
	issue = {12},
	journal = {Phys. Rev. Lett.},
	month = {Sep},
	numpages = {0},
	pages = {2594--2597},
	publisher = {American Physical Society},
	title = {Decoherence-Free Subspaces for Quantum Computation},
	url = {https://link.aps.org/doi/10.1103/PhysRevLett.81.2594},
	volume = {81},
	year = {1998},
	bdsk-url-1 = {https://link.aps.org/doi/10.1103/PhysRevLett.81.2594},
	bdsk-url-2 = {https://doi.org/10.1103/PhysRevLett.81.2594}}

@article{cubitt2015,
	author = {Cubitt, Toby S. and Lucia, Angelo and Michalakis, Spyridon and Perez-Garcia, David},
	da = {2015/08/01},
	date-added = {2022-10-10 13:27:19 -0400},
	date-modified = {2022-10-10 13:27:19 -0400},
	doi = {10.1007/s00220-015-2355-3},
	id = {Cubitt2015},
	isbn = {1432-0916},
	journal = {Commun. Math. Phys.},
	number = {3},
	pages = {1275--1315},
	title = {Stability of Local Quantum Dissipative Systems},
	ty = {JOUR},
	url = {https://doi.org/10.1007/s00220-015-2355-3},
	volume = {337},
	year = {2015},
	bdsk-url-1 = {https://doi.org/10.1007/s00220-015-2355-3}}

@article{poulin2010,
	author = {Poulin, David},
	date-added = {2022-10-10 13:27:19 -0400},
	date-modified = {2022-10-10 13:27:19 -0400},
	doi = {10.1103/PhysRevLett.104.190401},
	issue = {19},
	journal = {Phys. Rev. Lett.},
	month = {May},
	numpages = {4},
	pages = {190401},
	publisher = {American Physical Society},
	title = {Lieb-Robinson Bound and Locality for General Markovian Quantum Dynamics},
	url = {https://link.aps.org/doi/10.1103/PhysRevLett.104.190401},
	volume = {104},
	year = {2010},
	bdsk-url-1 = {https://link.aps.org/doi/10.1103/PhysRevLett.104.190401},
	bdsk-url-2 = {https://doi.org/10.1103/PhysRevLett.104.190401}}

@article{descamps2013,
	author = {Descamps,Beno{\^\i}t},
	date-added = {2022-10-10 13:27:19 -0400},
	date-modified = {2022-10-10 13:27:19 -0400},
	doi = {10.1063/1.4820785},
	journal = {J. Math. Phys.},
	number = {9},
	pages = {092202},
	title = {Asymptotically decreasing Lieb-Robinson velocity for a class of dissipative quantum dynamics},
	url = {https://doi.org/10.1063/1.4820785},
	volume = {54},
	year = {2013},
	bdsk-url-1 = {https://doi.org/10.1063/1.4820785}}

@article{Mostafazadeh2002,
	author = {Mostafazadeh,Ali},
	date-added = {2022-10-10 13:27:19 -0400},
	date-modified = {2022-10-10 13:27:19 -0400},
	doi = {10.1063/1.1418246},
	journal = {J. Math. Phys.},
	number = {1},
	pages = {205-214},
	title = {Pseudo-Hermiticity versus PT symmetry: The necessary condition for the reality of the spectrum of a non-Hermitian Hamiltonian},
	volume = {43},
	year = {2002},
	bdsk-url-1 = {https://doi.org/10.1063/1.1418246}}

@article{Kuwahara2020aPolynomialGrowthOutoftimeorder,
	author = {Kuwahara, Tomotaka and Saito, Keiji},
	date-added = {2022-10-10 13:27:19 -0400},
	date-modified = {2022-10-10 13:27:19 -0400},
	doi = {10.1103/PhysRevLett.126.030604},
	issue = {3},
	journal = {Phys. Rev. Lett.},
	month = {Jan},
	numpages = {8},
	pages = {030604},
	publisher = {American Physical Society},
	title = {Absence of Fast Scrambling in Thermodynamically Stable Long-Range Interacting Systems},
	url = {https://link.aps.org/doi/10.1103/PhysRevLett.126.030604},
	volume = {126},
	year = {2021},
	bdsk-url-1 = {https://link.aps.org/doi/10.1103/PhysRevLett.126.030604},
	bdsk-url-2 = {https://doi.org/10.1103/PhysRevLett.126.030604}}

@article{Chen2021Frobenius,
	author = {Chen, Chi-Fang and Lucas, Andrew},
	date-added = {2022-10-10 13:27:19 -0400},
	date-modified = {2022-10-10 13:27:19 -0400},
	doi = {10.1103/PhysRevA.104.062420},
	issue = {6},
	journal = {Phys. Rev. A},
	month = {Dec},
	numpages = {29},
	pages = {062420},
	publisher = {American Physical Society},
	title = {Optimal Frobenius light cone in spin chains with power-law interactions},
	url = {https://link.aps.org/doi/10.1103/PhysRevA.104.062420},
	volume = {104},
	year = {2021},
	bdsk-url-1 = {https://link.aps.org/doi/10.1103/PhysRevA.104.062420},
	bdsk-url-2 = {https://doi.org/10.1103/PhysRevA.104.062420}}

@article{Yin2020ScramblingAlltoall,
	author = {Yin, Chao and Lucas, Andrew},
	date-added = {2022-10-10 13:27:19 -0400},
	date-modified = {2022-10-10 13:27:19 -0400},
	doi = {10.1103/PhysRevA.102.022402},
	issue = {2},
	journal = {Phys. Rev. A},
	month = {Aug},
	numpages = {7},
	pages = {022402},
	publisher = {American Physical Society},
	title = {Bound on quantum scrambling with all-to-all interactions},
	url = {https://link.aps.org/doi/10.1103/PhysRevA.102.022402},
	volume = {102},
	year = {2020},
	bdsk-url-1 = {https://link.aps.org/doi/10.1103/PhysRevA.102.022402},
	bdsk-url-2 = {https://doi.org/10.1103/PhysRevA.102.022402}}

@article{WangHazzard2020,
	author = {Wang, Zhiyuan and Hazzard, Kaden R.A.},
	date-added = {2022-10-10 13:27:19 -0400},
	date-modified = {2022-10-10 13:27:19 -0400},
	doi = {10.1103/PRXQuantum.1.010303},
	issue = {1},
	journal = {PRX Quantum},
	month = {Sep},
	numpages = {24},
	pages = {010303},
	publisher = {American Physical Society},
	title = {Tightening the Lieb-Robinson Bound in Locally Interacting Systems},
	url = {https://link.aps.org/doi/10.1103/PRXQuantum.1.010303},
	volume = {1},
	year = {2020},
	bdsk-url-1 = {https://link.aps.org/doi/10.1103/PRXQuantum.1.010303},
	bdsk-url-2 = {https://doi.org/10.1103/PRXQuantum.1.010303}}

@article{ChenLucas2021graphtheory,
	author = {Chen, Chi-Fang and Lucas, Andrew},
	date-added = {2022-10-10 13:27:19 -0400},
	date-modified = {2022-10-10 13:27:19 -0400},
	journal = {Communications in Mathematical Physics},
	number = {3},
	pages = {1273--1323},
	title = {Operator Growth Bounds from Graph Theory},
	volume = {385},
	year = {2021}}

@misc{bigO,
	date-added = {2022-10-10 13:27:19 -0400},
	date-modified = {2022-10-10 13:27:19 -0400},
	note = {In this paper, we use the following standard asymptotic notations: the ``big-$\mathcal{O}$'' notation $f(x) = \O{g(x)}$ indicates the existence of constants $c$ and $N$ such that $0\le f(x) \le cg(x)$ for all $x\ge N$; the ``big-$\Omega$'' notation $f(x) = \W{g(x)}$ indicates that $g(x) = \O{f(x)}$, and the ``big-$\Theta$'' notation $f(x)=\Theta(g(x))$ when both $f(x)=\O {g(x)}$ and $f(x) = \W {g(x)}$.}}

@phdthesis{Schoute2021,
	author = {Eddie Schoute},
	date-added = {2022-10-10 13:27:01 -0400},
	date-modified = {2022-10-10 13:27:01 -0400},
	institution = {University of Maryland College Park},
	title = {Quantum routing for architecture-respecting circuit transformations},
	year = {2021}}

@article{Acevedo14,
	author = {Acevedo, O. L. and Quiroga, L. and Rodr\'{\i}guez, F. J. and Johnson, N. F.},
	date-added = {2022-10-10 13:27:01 -0400},
	date-modified = {2022-10-10 13:27:01 -0400},
	doi = {10.1103/PhysRevLett.112.030403},
	issue = {3},
	journal = {Phys. Rev. Lett.},
	month = {Jan},
	numpages = {5},
	pages = {030403},
	publisher = {American Physical Society},
	title = {New Dynamical Scaling Universality for Quantum Networks Across Adiabatic Quantum Phase Transitions},
	url = {https://link.aps.org/doi/10.1103/PhysRevLett.112.030403},
	volume = {112},
	year = {2014},
	bdsk-url-1 = {https://link.aps.org/doi/10.1103/PhysRevLett.112.030403},
	bdsk-url-2 = {https://doi.org/10.1103/PhysRevLett.112.030403}}

@article{Bollinger17,
	author = {G{\"a}rttner, Martin and Bohnet, Justin G. and Safavi-Naini, Arghavan and Wall, Michael L. and Bollinger, John J. and Rey, Ana Maria},
	date-added = {2022-10-10 13:27:01 -0400},
	date-modified = {2022-10-10 13:27:01 -0400},
	journal = {Nat. Phys.},
	month = {05},
	pages = {781},
	title = {Measuring out-of-time-order correlations and multiple quantum spectra in a trapped-ion quantum magnet},
	url = {https://doi.org/10.1038/nphys4119},
	volume = {13},
	year = {2017},
	bdsk-url-1 = {https://doi.org/10.1038/nphys4119}}

@article{BravyiHM10,
	author = {Bravyi,Sergey and Hastings,Matthew B. and Michalakis,Spyridon},
	date-added = {2022-10-10 13:27:01 -0400},
	date-modified = {2022-10-10 13:27:01 -0400},
	doi = {10.1063/1.3490195},
	journal = {J. Math. Phys.},
	number = {9},
	pages = {093512},
	title = {Topological quantum order: Stability under local perturbations},
	url = {https://doi.org/10.1063/1.3490195},
	volume = {51},
	year = {2010},
	bdsk-url-1 = {https://doi.org/10.1063/1.3490195}}

@article{Britton12,
	author = {Britton, Joseph W. and Sawyer, Brian C. and Keith, Adam C. and Wang, C. -C Joseph and Freericks, James K. and Uys, Hermann and Biercuk, Michael J. and Bollinger, John J.},
	date-added = {2022-10-10 13:27:01 -0400},
	date-modified = {2022-10-10 13:27:01 -0400},
	day = {25},
	journal = {Nature},
	month = {Apr},
	pages = {489},
	publisher = {Nature Publishing Group, a division of Macmillan Publishers Limited. All Rights Reserved.},
	title = {{Engineered two-dimensional Ising interactions in a trapped-ion quantum simulator with hundreds of spins}},
	url = {http://dx.doi.org/10.1038/nature10981},
	volume = {484},
	year = {2012},
	bdsk-url-1 = {http://dx.doi.org/10.1038/nature10981}}

@article{Cevolani18,
	author = {Cevolani, Lorenzo and Despres, Julien and Carleo, Giuseppe and Tagliacozzo, Luca and Sanchez-Palencia, Laurent},
	date-added = {2022-10-10 13:27:01 -0400},
	date-modified = {2022-10-10 13:27:01 -0400},
	doi = {10.1103/PhysRevB.98.024302},
	issue = {2},
	journal = {Phys. Rev. B},
	month = {Jul},
	numpages = {9},
	pages = {024302},
	publisher = {American Physical Society},
	title = {Universal scaling laws for correlation spreading in quantum systems with short- and long-range interactions},
	url = {https://link.aps.org/doi/10.1103/PhysRevB.98.024302},
	volume = {98},
	year = {2018},
	bdsk-url-1 = {https://link.aps.org/doi/10.1103/PhysRevB.98.024302},
	bdsk-url-2 = {https://doi.org/10.1103/PhysRevB.98.024302}}

@article{Childs09,
	author = {Childs, Andrew M.},
	date-added = {2022-10-10 13:27:01 -0400},
	date-modified = {2022-10-10 13:27:01 -0400},
	doi = {10.1103/PhysRevLett.102.180501},
	issue = {18},
	journal = {Phys. Rev. Lett.},
	month = {May},
	numpages = {4},
	pages = {180501},
	publisher = {American Physical Society},
	title = {Universal Computation by Quantum Walk},
	url = {https://link.aps.org/doi/10.1103/PhysRevLett.102.180501},
	volume = {102},
	year = {2009},
	bdsk-url-1 = {https://link.aps.org/doi/10.1103/PhysRevLett.102.180501},
	bdsk-url-2 = {https://doi.org/10.1103/PhysRevLett.102.180501}}

@article{Cotler18,
	author = {Cotler, Jordan and Han, Xizhi and Qi, Xiao-Liang and Yang, Zhao},
	da = {2019/07/08},
	date-added = {2022-10-10 13:27:01 -0400},
	date-modified = {2022-10-10 13:27:01 -0400},
	doi = {10.1007/JHEP07(2019)042},
	id = {Cotler2019},
	isbn = {1029-8479},
	journal = {Journal of High Energy Physics},
	number = {7},
	pages = {42},
	title = {Quantum causal influence},
	ty = {JOUR},
	url = {https://doi.org/10.1007/JHEP07(2019)042},
	volume = {2019},
	year = {2019},
	bdsk-url-1 = {https://doi.org/10.1007/JHEP07(2019)042}}

@article{Couch19,
	author = {Josiah Couch and Stefan Eccles and Phuc Nguyen and Brian Swingle and Shenglong Xu},
	date-added = {2022-10-10 13:27:01 -0400},
	date-modified = {2022-10-10 13:27:01 -0400},
	eprint = {arXiv:1908.06993},
	title = {The Speed of Quantum Information Spreading in Chaotic Systems},
	year = {2019}}

@book{Dauxois,
	author = {Dauxois, Thierry and Ruffo, Stefano and Arimondo, Ennio and Wilkens, Martin},
	date-added = {2022-10-10 13:27:01 -0400},
	date-modified = {2022-10-10 13:27:01 -0400},
	doi = {10.1007/3-540-45835-2_1},
	isbn = {978-3-540-45835-7},
	pages = {1--19},
	publisher = {Springer Berlin Heidelberg},
	title = {Dynamics and Thermodynamics of Systems with Long-Range Interactions: An Introduction},
	url = {https://doi.org/10.1007/3-540-45835-2_1},
	year = {2002},
	bdsk-url-1 = {https://doi.org/10.1007/3-540-45835-2_1}}

@article{Defenu18,
	author = {Defenu, Nicol\`o and Enss, Tilman and Kastner, Michael and Morigi, Giovanna},
	date-added = {2022-10-10 13:27:01 -0400},
	date-modified = {2022-10-10 13:27:01 -0400},
	doi = {10.1103/PhysRevLett.121.240403},
	issue = {24},
	journal = {Phys. Rev. Lett.},
	month = {Dec},
	numpages = {6},
	pages = {240403},
	publisher = {American Physical Society},
	title = {Dynamical Critical Scaling of Long-Range Interacting Quantum Magnets},
	url = {https://link.aps.org/doi/10.1103/PhysRevLett.121.240403},
	volume = {121},
	year = {2018},
	bdsk-url-1 = {https://link.aps.org/doi/10.1103/PhysRevLett.121.240403},
	bdsk-url-2 = {https://doi.org/10.1103/PhysRevLett.121.240403}}

@article{Deshpande18,
	author = {Deshpande, Abhinav and Fefferman, Bill and Tran, Minh C. and Foss-Feig, Michael and Gorshkov, Alexey V.},
	date-added = {2022-10-10 13:27:01 -0400},
	date-modified = {2022-10-10 13:27:01 -0400},
	doi = {10.1103/PhysRevLett.121.030501},
	issue = {3},
	journal = {Phys. Rev. Lett.},
	month = {Jul},
	numpages = {6},
	pages = {030501},
	publisher = {American Physical Society},
	title = {Dynamical Phase Transitions in Sampling Complexity},
	url = {https://link.aps.org/doi/10.1103/PhysRevLett.121.030501},
	volume = {121},
	year = {2018},
	bdsk-url-1 = {https://link.aps.org/doi/10.1103/PhysRevLett.121.030501},
	bdsk-url-2 = {https://doi.org/10.1103/PhysRevLett.121.030501}}

@article{Deshpande19,
	author = {Nishad Maskara and Abhinav Deshpande and Minh C. Tran and Adam Ehrenberg and Bill Fefferman and Alexey V. Gorshkov},
	date-added = {2022-10-10 13:27:01 -0400},
	date-modified = {2022-10-10 13:27:01 -0400},
	eprint = {arXiv:1906.04178},
	title = {Complexity phase diagram for interacting and long-range bosonic Hamiltonians},
	year = {2019}}

@article{Douglas15,
	author = {Douglas, J. S. and Habibian, H. and Hung, C.-L. and Gorshkov, A. V. and Kimble, H. J. and Chang, D. E.},
	date-added = {2022-10-10 13:27:01 -0400},
	date-modified = {2022-10-10 13:27:01 -0400},
	day = {06},
	journal = {Nat. Photonics},
	month = {Apr},
	pages = {326},
	publisher = {Nature Publishing Group},
	title = {Quantum many-body models with cold atoms coupled to photonic crystals},
	url = {http://dx.doi.org/10.1038/nphoton.2015.57},
	volume = {9},
	year = {2015},
	bdsk-url-1 = {http://dx.doi.org/10.1038/nphoton.2015.57}}

@article{Eisert13,
	author = {Eisert, Jens and van den Worm, Mauritz and Manmana, Salvatore R. and Kastner, Michael},
	date-added = {2022-10-10 13:27:01 -0400},
	date-modified = {2022-10-10 13:27:01 -0400},
	doi = {10.1103/PhysRevLett.111.260401},
	issue = {26},
	journal = {Phys. Rev. Lett.},
	month = {Dec},
	numpages = {5},
	pages = {260401},
	publisher = {American Physical Society},
	title = {Breakdown of Quasilocality in Long-Range Quantum Lattice Models},
	url = {https://link.aps.org/doi/10.1103/PhysRevLett.111.260401},
	volume = {111},
	year = {2013},
	bdsk-url-1 = {https://link.aps.org/doi/10.1103/PhysRevLett.111.260401},
	bdsk-url-2 = {https://doi.org/10.1103/PhysRevLett.111.260401}}

@article{Eldredge17,
	author = {Eldredge, Zachary and Gong, Zhe-Xuan and Young, Jeremy T. and Moosavian, Ali Hamed and Foss-Feig, Michael and Gorshkov, Alexey V.},
	date-added = {2022-10-10 13:27:01 -0400},
	date-modified = {2022-10-10 13:27:01 -0400},
	doi = {10.1103/PhysRevLett.119.170503},
	issue = {17},
	journal = {Phys. Rev. Lett.},
	month = {Oct},
	numpages = {5},
	pages = {170503},
	publisher = {American Physical Society},
	title = {Fast Quantum State Transfer and Entanglement Renormalization Using Long-Range Interactions},
	url = {https://link.aps.org/doi/10.1103/PhysRevLett.119.170503},
	volume = {119},
	year = {2017},
	bdsk-url-1 = {https://link.aps.org/doi/10.1103/PhysRevLett.119.170503},
	bdsk-url-2 = {https://doi.org/10.1103/PhysRevLett.119.170503}}

@article{Epstein17,
	author = {Epstein, Jeffrey M. and Whaley, K. Birgitta},
	date-added = {2022-10-10 13:27:01 -0400},
	date-modified = {2022-10-10 13:27:01 -0400},
	doi = {10.1103/PhysRevA.95.042314},
	issue = {4},
	journal = {Phys. Rev. A},
	month = {Apr},
	numpages = {8},
	pages = {042314},
	publisher = {American Physical Society},
	title = {Quantum speed limits for quantum-information-processing tasks},
	url = {https://link.aps.org/doi/10.1103/PhysRevA.95.042314},
	volume = {95},
	year = {2017},
	bdsk-url-1 = {https://link.aps.org/doi/10.1103/PhysRevA.95.042314},
	bdsk-url-2 = {https://doi.org/10.1103/PhysRevA.95.042314}}

@article{FFT65,
	author = {James W. Cooley and John W. Tukey},
	date-added = {2022-10-10 13:27:01 -0400},
	date-modified = {2022-10-10 13:27:01 -0400},
	issn = {00255718, 10886842},
	journal = {Mathematics of Computation},
	number = {90},
	pages = {297--301},
	publisher = {American Mathematical Society},
	title = {An Algorithm for the Machine Calculation of Complex Fourier Series},
	url = {http://www.jstor.org/stable/2003354},
	volume = {19},
	year = {1965},
	bdsk-url-1 = {http://www.jstor.org/stable/2003354}}

@article{Foss-Feig15,
	author = {Foss-Feig, Michael and Gong, Zhe-Xuan and Clark, Charles W. and Gorshkov, Alexey V.},
	date-added = {2022-10-10 13:27:01 -0400},
	date-modified = {2022-10-10 13:27:01 -0400},
	doi = {10.1103/PhysRevLett.114.157201},
	issue = {15},
	journal = {Phys. Rev. Lett.},
	month = {Apr},
	numpages = {5},
	pages = {157201},
	publisher = {American Physical Society},
	title = {Nearly Linear Light Cones in Long-Range Interacting Quantum Systems},
	url = {https://link.aps.org/doi/10.1103/PhysRevLett.114.157201},
	volume = {114},
	year = {2015},
	bdsk-url-1 = {https://link.aps.org/doi/10.1103/PhysRevLett.114.157201},
	bdsk-url-2 = {https://doi.org/10.1103/PhysRevLett.114.157201}}

@article{FossFeig16,
	archiveprefix = {arXiv},
	author = {Michael Foss-Feig and Zhe-Xuan Gong and Alexey V. Gorshkov and Charles W. Clark},
	date-added = {2022-10-10 13:27:01 -0400},
	date-modified = {2022-10-10 13:27:01 -0400},
	eprint = {1612.07805},
	title = {Entanglement and spin-squeezing without infinite-range interactions},
	year = {2016}}

@article{Gong14,
	author = {Gong, Zhe-Xuan and Foss-Feig, Michael and Michalakis, Spyridon and Gorshkov, Alexey V.},
	date-added = {2022-10-10 13:27:01 -0400},
	date-modified = {2022-10-10 13:27:01 -0400},
	doi = {10.1103/PhysRevLett.113.030602},
	issue = {3},
	journal = {Phys. Rev. Lett.},
	month = {Jul},
	numpages = {5},
	pages = {030602},
	publisher = {American Physical Society},
	title = {Persistence of Locality in Systems with Power-Law Interactions},
	url = {https://link.aps.org/doi/10.1103/PhysRevLett.113.030602},
	volume = {113},
	year = {2014},
	bdsk-url-1 = {https://link.aps.org/doi/10.1103/PhysRevLett.113.030602},
	bdsk-url-2 = {https://doi.org/10.1103/PhysRevLett.113.030602}}

@article{Gong17,
	author = {Gong, Zhe-Xuan and Foss-Feig, Michael and Brand\~ao, Fernando G. S. L. and Gorshkov, Alexey V.},
	date-added = {2022-10-10 13:27:01 -0400},
	date-modified = {2022-10-10 13:27:01 -0400},
	doi = {10.1103/PhysRevLett.119.050501},
	issue = {5},
	journal = {Phys. Rev. Lett.},
	month = {Jul},
	numpages = {6},
	pages = {050501},
	publisher = {American Physical Society},
	title = {Entanglement Area Laws for Long-Range Interacting Systems},
	url = {https://link.aps.org/doi/10.1103/PhysRevLett.119.050501},
	volume = {119},
	year = {2017},
	bdsk-url-1 = {https://link.aps.org/doi/10.1103/PhysRevLett.119.050501},
	bdsk-url-2 = {https://doi.org/10.1103/PhysRevLett.119.050501}}

@article{Gu17,
	author = {Gu, Yingfei and Qi, Xiao-Liang and Stanford, Douglas},
	date-added = {2022-10-10 13:27:01 -0400},
	date-modified = {2022-10-10 13:27:01 -0400},
	day = {23},
	doi = {10.1007/JHEP05(2017)125},
	issn = {1029-8479},
	journal = {Journal of High Energy Physics},
	month = {May},
	number = {5},
	pages = {125},
	title = {Local criticality, diffusion and chaos in generalized Sachdev-Ye-Kitaev models},
	url = {https://doi.org/10.1007/JHEP05(2017)125},
	volume = {2017},
	year = {2017},
	bdsk-url-1 = {https://doi.org/10.1007/JHEP05(2017)125}}

@article{Haah,
	adsnote = {Provided by the SAO/NASA Astrophysics Data System},
	adsurl = {http://adsabs.harvard.edu/abs/2018arXiv180103922H},
	archiveprefix = {arXiv},
	author = {{Haah}, J. and {Hastings}, M.~B. and {Kothari}, R. and {Hao Low}, G.},
	date-added = {2022-10-10 13:27:01 -0400},
	date-modified = {2022-10-10 13:27:01 -0400},
	eprint = {1801.03922},
	keywords = {Quantum Physics},
	month = jan,
	title = {{Quantum algorithm for simulating real time evolution of lattice Hamiltonians}},
	year = 2018}

@article{Hastings07,
	author = {M B Hastings},
	date-added = {2022-10-10 13:27:01 -0400},
	date-modified = {2022-10-10 13:27:01 -0400},
	doi = {10.1088/1742-5468/2007/08/p08024},
	journal = {J. Stat. Mech: Theory Exp.},
	month = {aug},
	number = {08},
	pages = {P08024--P08024},
	publisher = {{IOP} Publishing},
	title = {An area law for one-dimensional quantum systems},
	url = {https://doi.org/10.1088%2F1742-5468%2F2007%2F08%2Fp08024},
	volume = {2007},
	year = 2007,
	bdsk-url-1 = {https://doi.org/10.1088%2F1742-5468%2F2007%2F08%2Fp08024},
	bdsk-url-2 = {https://doi.org/10.1088/1742-5468/2007/08/p08024}}

@article{Hauke13,
	author = {Hauke, P. and Tagliacozzo, L.},
	date-added = {2022-10-10 13:27:01 -0400},
	date-modified = {2022-10-10 13:27:01 -0400},
	doi = {10.1103/PhysRevLett.111.207202},
	issue = {20},
	journal = {Phys. Rev. Lett.},
	month = {Nov},
	numpages = {6},
	pages = {207202},
	publisher = {American Physical Society},
	title = {Spread of Correlations in Long-Range Interacting Quantum Systems},
	url = {https://link.aps.org/doi/10.1103/PhysRevLett.111.207202},
	volume = {111},
	year = {2013},
	bdsk-url-1 = {https://link.aps.org/doi/10.1103/PhysRevLett.111.207202},
	bdsk-url-2 = {https://doi.org/10.1103/PhysRevLett.111.207202}}

@article{Hayden07,
	author = {Patrick Hayden and John Preskill},
	date-added = {2022-10-10 13:27:01 -0400},
	date-modified = {2022-10-10 13:27:01 -0400},
	doi = {10.1088/1126-6708/2007/09/120},
	journal = {J. High Energy Phys.},
	month = {sep},
	number = {09},
	pages = {120--120},
	publisher = {Springer Nature},
	title = {Black holes as mirrors: quantum information in random subsystems},
	url = {https://doi.org/10.1088/1126-6708/2007/09/120},
	volume = {2007},
	year = 2007,
	bdsk-url-1 = {https://doi.org/10.1088/1126-6708/2007/09/120}}

@article{HK,
	author = {{Hastings}, M.~B. and {Koma}, T.},
	date-added = {2022-10-10 13:27:01 -0400},
	date-modified = {2022-10-10 13:27:01 -0400},
	doi = {10.1007/s00220-006-0030-4},
	journal = {Comm. Math. Phys.},
	month = aug,
	pages = {781-804},
	title = {{Spectral Gap and Exponential Decay of Correlations}},
	volume = 265,
	year = 2006,
	bdsk-url-1 = {http://dx.doi.org/10.1007/s00220-006-0030-4}}

@article{Hosur16,
	author = {Hosur, Pavan and Qi, Xiao-Liang and Roberts, Daniel A. and Yoshida, Beni},
	date-added = {2022-10-10 13:27:01 -0400},
	date-modified = {2022-10-10 13:27:01 -0400},
	day = {01},
	doi = {10.1007/JHEP02(2016)004},
	issn = {1029-8479},
	journal = {Journal of High Energy Physics},
	month = {Feb},
	number = {2},
	pages = {4},
	title = {Chaos in quantum channels},
	volume = {2016},
	year = {2016},
	bdsk-url-1 = {https://doi.org/10.1007/JHEP02(2016)004}}

@article{Kac63,
	author = {Kac,M. and Uhlenbeck,G. E. and Hemmer,P. C.},
	date-added = {2022-10-10 13:27:01 -0400},
	date-modified = {2022-10-10 13:27:01 -0400},
	doi = {10.1063/1.1703946},
	journal = {J. Math. Phys.},
	number = {2},
	pages = {216-228},
	title = {On the van der Waals Theory of the Vapor Liquid Equilibrium. I. Discussion of a One Dimensional Model},
	url = {https://doi.org/10.1063/1.1703946},
	volume = {4},
	year = {1963},
	bdsk-url-1 = {https://doi.org/10.1063/1.1703946}}

@article{Kastner11,
	author = {Kastner, Michael},
	date-added = {2022-10-10 13:27:01 -0400},
	date-modified = {2022-10-10 13:27:01 -0400},
	doi = {10.1103/PhysRevLett.106.130601},
	issue = {13},
	journal = {Phys. Rev. Lett.},
	month = {Mar},
	numpages = {4},
	pages = {130601},
	publisher = {American Physical Society},
	title = {Diverging Equilibration Times in Long-Range Quantum Spin Models},
	url = {https://link.aps.org/doi/10.1103/PhysRevLett.106.130601},
	volume = {106},
	year = {2011},
	bdsk-url-1 = {https://link.aps.org/doi/10.1103/PhysRevLett.106.130601},
	bdsk-url-2 = {https://doi.org/10.1103/PhysRevLett.106.130601}}

@article{Kastner12,
	author = {Michael Kastner},
	bdsk-url-2 = {https://doi.org/10.2478/s11534-011-0122-4},
	date-added = {2022-10-10 13:27:01 -0400},
	date-modified = {2022-10-10 13:27:01 -0400},
	doi = {10.2478/s11534-011-0122-4},
	journal = {Central Eur. J. Phys},
	number = {3},
	pages = {637--644},
	title = {Long-time asymptotics of the long-range Emch-Radin model.},
	url = {https://doi.org/10.2478/s11534-011-0122-4},
	volume = {10},
	year = {2012},
	bdsk-url-1 = {https://doi.org/10.2478/s11534-011-0122-4}}

@article{Kastner17,
	author = {Michael Kastner},
	date-added = {2022-10-10 13:27:01 -0400},
	date-modified = {2022-10-10 13:27:01 -0400},
	doi = {10.1088/1742-5468/aa5119},
	journal = {J. Stat. Mech: Theory Exp.},
	month = {jan},
	number = {1},
	pages = {014003},
	publisher = {{IOP} Publishing},
	title = {N-scaling of timescales in long-{rangeN}-body quantum systems},
	url = {https://doi.org/10.1088%2F1742-5468%2Faa5119},
	volume = {2017},
	year = {2017},
	bdsk-url-1 = {https://doi.org/10.1088%2F1742-5468%2Faa5119},
	bdsk-url-2 = {https://doi.org/10.1088/1742-5468/aa5119}}

@article{Keyserlingk18,
	author = {von Keyserlingk, C. W. and Rakovszky, Tibor and Pollmann, Frank and Sondhi, S. L.},
	date-added = {2022-10-10 13:27:01 -0400},
	date-modified = {2022-10-10 13:27:01 -0400},
	doi = {10.1103/PhysRevX.8.021013},
	issue = {2},
	journal = {Phys. Rev. X},
	month = {Apr},
	numpages = {19},
	pages = {021013},
	publisher = {American Physical Society},
	title = {Operator Hydrodynamics, OTOCs, and Entanglement Growth in Systems without Conservation Laws},
	volume = {8},
	year = {2018},
	bdsk-url-1 = {https://doi.org/10.1103/PhysRevX.8.021013}}

@conference{Kitaev15,
	author = {Alexei Kitaev},
	booktitle = {KITP strings seminar and Entanglement 2015 program},
	date-added = {2022-10-10 13:27:01 -0400},
	date-modified = {2022-10-10 13:27:01 -0400},
	title = {A simple model of quantum holography},
	year = {Feb. 12, April 7, and May 27, 2015}}

@article{Kuwahara16,
	author = {Tomotaka Kuwahara},
	date-added = {2022-10-10 13:27:01 -0400},
	date-modified = {2022-10-10 13:27:01 -0400},
	doi = {10.1088/1367-2630/18/5/053034},
	journal = {New Journal of Physics},
	month = {may},
	number = {5},
	pages = {053034},
	publisher = {{IOP} Publishing},
	title = {Exponential bound on information spreading induced by quantum many-body dynamics with long-range interactions},
	url = {https://doi.org/10.1088%2F1367-2630%2F18%2F5%2F053034},
	volume = {18},
	year = 2016,
	bdsk-url-1 = {https://doi.org/10.1088%2F1367-2630%2F18%2F5%2F053034},
	bdsk-url-2 = {https://doi.org/10.1088/1367-2630/18/5/053034}}

@article{Lashkari13,
	abstract = {Many proposed quantum mechanical models of black holes include highly non-local interactions. The time required for thermalization to occur in such models should reflect the relaxation times associated with classical black holes in general relativity. Moreover, the time required for a particularly strong form of thermalization to occur, sometimes known as scrambling, determines the time scale on which black holes should start to release information. It has been conjectured that black holes scramble in a time logarithmic in their entropy, and that no system in nature can scramble faster. In this article, we address the conjecture from two directions. First, we exhibit two examples of systems that do indeed scramble in logarithmic time: Brownian quantum circuits and the antiferromagnetic Ising model on a sparse random graph. Unfortunately, both fail to be truly ideal fast scramblers for reasons we discuss. Second, we use Lieb-Robinson techniques to prove a logarithmic lower bound on the scrambling time of systems with finite norm terms in their Hamiltonian. The bound holds in spite of any nonlocal structure in the Hamiltonian, which might permit every degree of freedom to interact directly with every other one.},
	author = {Lashkari, Nima and Stanford, Douglas and Hastings, Matthew and Osborne, Tobias and Hayden, Patrick},
	date-added = {2022-10-10 13:27:01 -0400},
	date-modified = {2022-10-10 13:27:01 -0400},
	day = {03},
	doi = {10.1007/JHEP04(2013)022},
	issn = {1029-8479},
	journal = {J. High Energy Phys.},
	month = {Apr},
	number = {4},
	pages = {22},
	title = {Towards the fast scrambling conjecture},
	url = {https://doi.org/10.1007/JHEP04(2013)022},
	volume = {2013},
	year = {2013},
	bdsk-url-1 = {https://doi.org/10.1007/JHEP04(2013)022},
	bdsk-url-2 = {http://dx.doi.org/10.1007/JHEP04(2013)022}}

@article{Linke17,
	author = {Linke, Norbert M. and Maslov, Dmitri and Roetteler, Martin and Debnath, Shantanu and Figgatt, Caroline and Landsman, Kevin A. and Wright, Kenneth and Monroe, Christopher},
	date-added = {2022-10-10 13:27:01 -0400},
	date-modified = {2022-10-10 13:27:01 -0400},
	doi = {10.1073/pnas.1618020114},
	issn = {0027-8424},
	journal = {Proceedings of the National Academy of Sciences},
	number = {13},
	pages = {3305--3310},
	publisher = {National Academy of Sciences},
	title = {Experimental comparison of two quantum computing architectures},
	volume = {114},
	year = {2017},
	bdsk-url-1 = {https://www.pnas.org/content/114/13/3305},
	bdsk-url-2 = {https://doi.org/10.1073/pnas.1618020114}}

@article{LR,
	author = {Lieb, Elliott H. and Robinson, Derek W.},
	date-added = {2022-10-10 13:27:01 -0400},
	date-modified = {2022-10-10 13:27:01 -0400},
	fjournal = {Communications in Mathematical Physics},
	journal = {Comm. Math. Phys.},
	number = {3},
	pages = {251--257},
	publisher = {Springer},
	title = {{The Finite Group Velocity of Quantum Spin Systems}},
	url = {https://projecteuclid.org:443/euclid.cmp/1103858407},
	volume = {28},
	year = {1972},
	bdsk-url-1 = {https://projecteuclid.org:443/euclid.cmp/1103858407}}

@article{Lucas18,
	author = {Bentsen, Gregory and Gu, Yingfei and Lucas, Andrew},
	date-added = {2022-10-10 13:27:01 -0400},
	date-modified = {2022-10-10 13:27:01 -0400},
	doi = {10.1073/pnas.1811033116},
	issn = {0027-8424},
	journal = {Proc. Natl. Acad. Sci. U.S.A.},
	number = {14},
	pages = {6689--6694},
	publisher = {National Academy of Sciences},
	title = {Fast scrambling on sparse graphs},
	volume = {116},
	year = {2019},
	bdsk-url-1 = {https://doi.org/10.1073/pnas.1811033116}}

@article{Lucas19,
	author = {Chi-Fang Chen and Andrew Lucas},
	date-added = {2022-10-10 13:27:01 -0400},
	date-modified = {2022-10-10 13:27:01 -0400},
	eprint = {arXiv:1905.03682},
	title = {Operator growth bounds from graph theory},
	year = {2019}}

@article{Lucas20,
	author = {Chao Yin and Andrew Lucas},
	date-added = {2022-10-10 13:27:01 -0400},
	date-modified = {2022-10-10 13:27:01 -0400},
	eprint = {arXiv:2005.07558},
	title = {Bound on quantum scrambling with all-to-all interactions},
	year = {2020}}

@article{Luitz19,
	author = {Luitz, David J. and Bar Lev, Yevgeny},
	date-added = {2022-10-10 13:27:01 -0400},
	date-modified = {2022-10-10 13:27:01 -0400},
	doi = {10.1103/PhysRevA.99.010105},
	issue = {1},
	journal = {Phys. Rev. A},
	month = {Jan},
	numpages = {5},
	pages = {010105(R)},
	publisher = {American Physical Society},
	title = {Emergent locality in systems with power-law interactions},
	url = {https://link.aps.org/doi/10.1103/PhysRevA.99.010105},
	volume = {99},
	year = {2019},
	bdsk-url-1 = {https://link.aps.org/doi/10.1103/PhysRevA.99.010105},
	bdsk-url-2 = {https://doi.org/10.1103/PhysRevA.99.010105}}

@article{Lukin17,
	author = {Choi, Soonwon and Choi, Joonhee and Landig, Renate and Kucsko, Georg and Zhou, Hengyun and Isoya, Junichi and Jelezko, Fedor and Onoda, Shinobu and Sumiya, Hitoshi and Khemani, Vedika and von Keyserlingk, Curt and Yao, Norman Y. and Demler, Eugene and Lukin, Mikhail D.},
	date = {2017/03/08/online},
	date-added = {2022-10-10 13:27:01 -0400},
	date-modified = {2022-10-10 13:27:01 -0400},
	day = {08},
	journal = {Nature},
	l3 = {10.1038/nature21426;},
	month = {03},
	pages = {221},
	publisher = {Macmillan Publishers Limited, part of Springer Nature. All rights reserved. SN -},
	title = {Observation of discrete time-crystalline order in a disordered dipolar many-body system},
	ty = {JOUR},
	url = {https://doi.org/10.1038/nature21426},
	volume = {543},
	year = {2017},
	bdsk-url-1 = {https://doi.org/10.1038/nature21426}}

@article{Maldacena16,
	author = {Maldacena, Juan and Shenker, Stephen H. and Stanford, Douglas},
	date-added = {2022-10-10 13:27:01 -0400},
	date-modified = {2022-10-10 13:27:01 -0400},
	day = {17},
	doi = {10.1007/JHEP08(2016)106},
	issn = {1029-8479},
	journal = {J. High Energy Phys.},
	month = {Aug},
	number = {8},
	pages = {106},
	title = {A bound on chaos},
	url = {https://doi.org/10.1007/JHEP08(2016)106},
	volume = {2016},
	year = {2016},
	bdsk-url-1 = {https://doi.org/10.1007/JHEP08(2016)106}}

@article{Metivier14,
	author = {M\'etivier, David and Bachelard, Romain and Kastner, Michael},
	date-added = {2022-10-10 13:27:01 -0400},
	date-modified = {2022-10-10 13:27:01 -0400},
	doi = {10.1103/PhysRevLett.112.210601},
	issue = {21},
	journal = {Phys. Rev. Lett.},
	month = {May},
	numpages = {5},
	pages = {210601},
	publisher = {American Physical Society},
	title = {Spreading of Perturbations in Long-Range Interacting Classical Lattice Models},
	url = {https://link.aps.org/doi/10.1103/PhysRevLett.112.210601},
	volume = {112},
	year = {2014},
	bdsk-url-1 = {https://link.aps.org/doi/10.1103/PhysRevLett.112.210601},
	bdsk-url-2 = {https://doi.org/10.1103/PhysRevLett.112.210601}}

@article{Monroe13,
	author = {Islam, R. and Senko, C. and Campbell, W. C. and Korenblit, S. and Smith, J. and Lee, A. and Edwards, E. E. and Wang, C.-C. J. and Freericks, J. K. and Monroe, C.},
	date-added = {2022-10-10 13:27:01 -0400},
	date-modified = {2022-10-10 13:27:01 -0400},
	doi = {10.1126/science.1232296},
	issn = {0036-8075},
	journal = {Science},
	number = {6132},
	pages = {583--587},
	publisher = {American Association for the Advancement of Science},
	title = {Emergence and Frustration of Magnetism with Variable-Range Interactions in a Quantum Simulator},
	url = {https://science.sciencemag.org/content/340/6132/583},
	volume = {340},
	year = {2013},
	bdsk-url-1 = {https://science.sciencemag.org/content/340/6132/583},
	bdsk-url-2 = {https://doi.org/10.1126/science.1232296}}

@article{Nahum18,
	author = {Nahum, Adam and Vijay, Sagar and Haah, Jeongwan},
	date-added = {2022-10-10 13:27:01 -0400},
	date-modified = {2022-10-10 13:27:01 -0400},
	doi = {10.1103/PhysRevX.8.021014},
	issue = {2},
	journal = {Phys. Rev. X},
	month = {Apr},
	numpages = {30},
	pages = {021014},
	publisher = {American Physical Society},
	title = {Operator Spreading in Random Unitary Circuits},
	volume = {8},
	year = {2018},
	bdsk-url-1 = {https://doi.org/10.1103/PhysRevX.8.021014}}

@article{Nandkishore15,
	author = {Nandkishore, Rahul and Huse, David A.},
	date-added = {2022-10-10 13:27:01 -0400},
	date-modified = {2022-10-10 13:27:01 -0400},
	doi = {10.1146/annurev-conmatphys-031214-014726},
	journal = {Annu. Rev. Condens. Matter Phys.},
	number = {1},
	pages = {15-38},
	title = {Many-Body Localization and Thermalization in Quantum Statistical Mechanics},
	volume = {6},
	year = {2015},
	bdsk-url-1 = {https://doi.org/10.1146/annurev-conmatphys-031214-014726}}

@book{NJ2014,
	author = {Nikolopoulos, Georgios M. and Jex, Igor},
	date-added = {2022-10-10 13:27:01 -0400},
	date-modified = {2022-10-10 13:27:01 -0400},
	doi = {10.1007/978-3-642-39937-4},
	place = {Berlin, Heidelberg},
	publisher = {Springer Berlin Heidelberg},
	title = {Quantum State Transfer and Network Engineering},
	year = {2014},
	bdsk-url-1 = {https://doi.org/10.1007/978-3-642-39937-4}}

@article{Pappalardi18,
	author = {Pappalardi, Silvia and Russomanno, Angelo and \ifmmode \check{Z}\else \v{Z}\fi{}unkovi\ifmmode \check{c}\else \v{c}\fi{}, Bojan and Iemini, Fernando and Silva, Alessandro and Fazio, Rosario},
	date-added = {2022-10-10 13:27:01 -0400},
	date-modified = {2022-10-10 13:27:01 -0400},
	doi = {10.1103/PhysRevB.98.134303},
	issue = {13},
	journal = {Phys. Rev. B},
	month = {Oct},
	numpages = {11},
	pages = {134303},
	publisher = {American Physical Society},
	title = {Scrambling and entanglement spreading in long-range spin chains},
	url = {https://link.aps.org/doi/10.1103/PhysRevB.98.134303},
	volume = {98},
	year = {2018},
	bdsk-url-1 = {https://link.aps.org/doi/10.1103/PhysRevB.98.134303},
	bdsk-url-2 = {https://doi.org/10.1103/PhysRevB.98.134303}}

@article{Roberts18,
	author = {Roberts, Daniel A. and Stanford, Douglas and Streicher, Alexandre},
	date-added = {2022-10-10 13:27:01 -0400},
	date-modified = {2022-10-10 13:27:01 -0400},
	day = {22},
	doi = {10.1007/JHEP06(2018)122},
	issn = {1029-8479},
	journal = {Journal of High Energy Physics},
	month = {Jun},
	number = {6},
	pages = {122},
	title = {Operator growth in the SYK model},
	volume = {2018},
	year = {2018},
	bdsk-url-1 = {https://doi.org/10.1007/JHEP06(2018)122}}

@article{Sachdev15,
	author = {Sachdev, Subir},
	date-added = {2022-10-10 13:27:01 -0400},
	date-modified = {2022-10-10 13:27:01 -0400},
	doi = {10.1103/PhysRevX.5.041025},
	issue = {4},
	journal = {Phys. Rev. X},
	month = {Nov},
	numpages = {13},
	pages = {041025},
	publisher = {American Physical Society},
	title = {Bekenstein-Hawking Entropy and Strange Metals},
	url = {https://link.aps.org/doi/10.1103/PhysRevX.5.041025},
	volume = {5},
	year = {2015},
	bdsk-url-1 = {https://link.aps.org/doi/10.1103/PhysRevX.5.041025},
	bdsk-url-2 = {https://doi.org/10.1103/PhysRevX.5.041025}}

@article{Saffman10,
	author = {Saffman, M. and Walker, T. G. and M\o{}lmer, K.},
	date-added = {2022-10-10 13:27:01 -0400},
	date-modified = {2022-10-10 13:27:01 -0400},
	doi = {10.1103/RevModPhys.82.2313},
	issue = {3},
	journal = {Rev. Mod. Phys.},
	month = {Aug},
	numpages = {0},
	pages = {2313--2363},
	publisher = {American Physical Society},
	title = {Quantum information with Rydberg atoms},
	url = {https://link.aps.org/doi/10.1103/RevModPhys.82.2313},
	volume = {82},
	year = {2010},
	bdsk-url-1 = {https://link.aps.org/doi/10.1103/RevModPhys.82.2313},
	bdsk-url-2 = {https://doi.org/10.1103/RevModPhys.82.2313}}

@article{Santos16,
	author = {Santos, Lea F. and Borgonovi, Fausto and Celardo, Giuseppe Luca},
	date-added = {2022-10-10 13:27:01 -0400},
	date-modified = {2022-10-10 13:27:01 -0400},
	doi = {10.1103/PhysRevLett.116.250402},
	issue = {25},
	journal = {Phys. Rev. Lett.},
	month = {Jun},
	numpages = {5},
	pages = {250402},
	publisher = {American Physical Society},
	title = {Cooperative Shielding in Many-Body Systems with Long-Range Interaction},
	url = {https://link.aps.org/doi/10.1103/PhysRevLett.116.250402},
	volume = {116},
	year = {2016},
	bdsk-url-1 = {https://link.aps.org/doi/10.1103/PhysRevLett.116.250402},
	bdsk-url-2 = {https://doi.org/10.1103/PhysRevLett.116.250402}}

@article{Shenker14,
	author = {Shenker, Stephen H. and Stanford, Douglas},
	date-added = {2022-10-10 13:27:01 -0400},
	date-modified = {2022-10-10 13:27:01 -0400},
	day = {13},
	doi = {10.1007/JHEP03(2014)067},
	issn = {1029-8479},
	journal = {Journal of High Energy Physics},
	month = {Mar},
	number = {3},
	pages = {67},
	title = {Black holes and the butterfly effect},
	volume = {2014},
	year = {2014},
	bdsk-url-1 = {https://doi.org/10.1007/JHEP03(2014)067}}

@article{Shor18,
	author = {Peter W. Shor},
	date-added = {2022-10-10 13:27:01 -0400},
	date-modified = {2022-10-10 13:27:01 -0400},
	eprint = {arXiv:1807.04363},
	title = {Scrambling Time and Causal Structure of the Photon Sphere of a Schwarzschild Black Hole},
	year = {2018}}

@misc{SM,
	date-added = {2022-10-10 13:27:01 -0400},
	date-modified = {2022-10-10 13:27:01 -0400},
	note = {See the Supplemental Material for a detailed proof of \cref{eq:newbound}. The Supplemental Material also shows that \cref{eq:newbound} is (in a broad sense) the best bound one can get from \cref{eq:HKseries1}.}}

@article{Song17,
	author = {Song, Chao and Xu, Kai and Liu, Wuxin and Yang, Chui-ping and Zheng, Shi-Biao and Deng, Hui and Xie, Qiwei and Huang, Keqiang and Guo, Qiujiang and Zhang, Libo and Zhang, Pengfei and Xu, Da and Zheng, Dongning and Zhu, Xiaobo and Wang, H. and Chen, Y.-A. and Lu, C.-Y. and Han, Siyuan and Pan, Jian-Wei},
	date-added = {2022-10-10 13:27:01 -0400},
	date-modified = {2022-10-10 13:27:01 -0400},
	doi = {10.1103/PhysRevLett.119.180511},
	issue = {18},
	journal = {Phys. Rev. Lett.},
	month = {Nov},
	numpages = {6},
	pages = {180511},
	publisher = {American Physical Society},
	title = {10-Qubit Entanglement and Parallel Logic Operations with a Superconducting Circuit},
	url = {https://link.aps.org/doi/10.1103/PhysRevLett.119.180511},
	volume = {119},
	year = {2017},
	bdsk-url-1 = {https://link.aps.org/doi/10.1103/PhysRevLett.119.180511},
	bdsk-url-2 = {https://doi.org/10.1103/PhysRevLett.119.180511}}

@article{SS08,
	author = {Yasuhiro Sekino and L Susskind},
	date-added = {2022-10-10 13:27:01 -0400},
	date-modified = {2022-10-10 13:27:01 -0400},
	doi = {10.1088/1126-6708/2008/10/065},
	journal = {Journal of High Energy Physics},
	month = {oct},
	number = {10},
	pages = {065--065},
	publisher = {Springer Nature},
	title = {Fast scramblers},
	url = {https://doi.org/10.1088%2F1126-6708%2F2008%2F10%2F065},
	volume = {2008},
	year = 2008,
	bdsk-url-1 = {https://doi.org/10.1088%2F1126-6708%2F2008%2F10%2F065},
	bdsk-url-2 = {https://doi.org/10.1088/1126-6708/2008/10/065}}

@article{Storch15,
	author = {David-Maximilian Storch and Mauritz van den Worm and Michael Kastner},
	date-added = {2022-10-10 13:27:01 -0400},
	date-modified = {2022-10-10 13:27:01 -0400},
	journal = {New J. Phys.},
	number = {6},
	pages = {063021},
	title = {Interplay of soundcone and supersonic propagation in lattice models with power law interactions},
	url = {http://stacks.iop.org/1367-2630/17/i=6/a=063021},
	volume = {17},
	year = {2015},
	bdsk-url-1 = {http://stacks.iop.org/1367-2630/17/i=6/a=063021}}

@article{Swingle16,
	author = {Roberts, Daniel A. and Swingle, Brian},
	date-added = {2022-10-10 13:27:01 -0400},
	date-modified = {2022-10-10 13:27:01 -0400},
	doi = {10.1103/PhysRevLett.117.091602},
	issue = {9},
	journal = {Phys. Rev. Lett.},
	month = {Aug},
	numpages = {6},
	pages = {091602},
	publisher = {American Physical Society},
	title = {Lieb-Robinson Bound and the Butterfly Effect in Quantum Field Theories},
	url = {https://link.aps.org/doi/10.1103/PhysRevLett.117.091602},
	volume = {117},
	year = {2016},
	bdsk-url-1 = {https://link.aps.org/doi/10.1103/PhysRevLett.117.091602},
	bdsk-url-2 = {https://doi.org/10.1103/PhysRevLett.117.091602}}

@article{SY93,
	author = {Sachdev, Subir and Ye, Jinwu},
	date-added = {2022-10-10 13:27:01 -0400},
	date-modified = {2022-10-10 13:27:01 -0400},
	doi = {10.1103/PhysRevLett.70.3339},
	issue = {21},
	journal = {Phys. Rev. Lett.},
	month = {May},
	numpages = {0},
	pages = {3339--3342},
	publisher = {American Physical Society},
	title = {Gapless spin-fluid ground state in a random quantum Heisenberg magnet},
	url = {https://link.aps.org/doi/10.1103/PhysRevLett.70.3339},
	volume = {70},
	year = {1993},
	bdsk-url-1 = {https://link.aps.org/doi/10.1103/PhysRevLett.70.3339},
	bdsk-url-2 = {https://doi.org/10.1103/PhysRevLett.70.3339}}

@article{Tran18,
	author = {Tran, Minh C. and Guo, Andrew Y. and Su, Yuan and Garrison, James R. and Eldredge, Zachary and Foss-Feig, Michael and Childs, Andrew M. and Gorshkov, Alexey V.},
	date-added = {2022-10-10 13:27:01 -0400},
	date-modified = {2022-10-10 13:27:01 -0400},
	doi = {10.1103/PhysRevX.9.031006},
	issue = {3},
	journal = {Phys. Rev. X},
	month = {Jul},
	numpages = {22},
	pages = {031006},
	publisher = {American Physical Society},
	title = {Locality and Digital Quantum Simulation of Power-Law Interactions},
	url = {https://link.aps.org/doi/10.1103/PhysRevX.9.031006},
	volume = {9},
	year = {2019},
	bdsk-url-1 = {https://link.aps.org/doi/10.1103/PhysRevX.9.031006},
	bdsk-url-2 = {https://doi.org/10.1103/PhysRevX.9.031006}}

@article{Xu18,
	author = {Xu, Shenglong and Swingle, Brian},
	date-added = {2022-10-10 13:27:01 -0400},
	date-modified = {2022-10-10 13:27:01 -0400},
	doi = {10.1103/PhysRevX.9.031048},
	issue = {3},
	journal = {Phys. Rev. X},
	month = {Sep},
	numpages = {21},
	pages = {031048},
	publisher = {American Physical Society},
	title = {Locality, Quantum Fluctuations, and Scrambling},
	url = {https://link.aps.org/doi/10.1103/PhysRevX.9.031048},
	volume = {9},
	year = {2019},
	bdsk-url-1 = {https://link.aps.org/doi/10.1103/PhysRevX.9.031048},
	bdsk-url-2 = {https://doi.org/10.1103/PhysRevX.9.031048}}

@article{Yan13,
	author = {Yan, Bo and Moses, Steven A. and Gadway, Bryce and Covey, Jacob P. and Hazzard, Kaden R. A. and Rey, Ana Maria and Jin, Deborah S. and Ye, Jun},
	date-added = {2022-10-10 13:27:01 -0400},
	date-modified = {2022-10-10 13:27:01 -0400},
	day = {18},
	journal = {Nature},
	month = {Sep},
	pages = {521},
	publisher = {Nature Publishing Group, a division of Macmillan Publishers Limited. All Rights Reserved.},
	title = {Observation of dipolar spin-exchange interactions with lattice-confined polar molecules},
	url = {http://dx.doi.org/10.1038/nature12483},
	volume = {501},
	year = {2013},
	bdsk-url-1 = {http://dx.doi.org/10.1038/nature12483}}

@article{Yao12,
	author = {Yao, N. Y. and Jiang, L. and Gorshkov, A. V. and Maurer, P. C. and Giedke, G. and Cirac, J. I. and Lukin, M. D.},
	date = {2012/04/24/online},
	date-added = {2022-10-10 13:27:01 -0400},
	date-modified = {2022-10-10 13:27:01 -0400},
	day = {24},
	journal = {Nat. Commun.},
	l3 = {10.1038/ncomms1788; https://www.nature.com/articles/ncomms1788#supplementary-information},
	m3 = {Article},
	month = {04},
	pages = {800},
	publisher = {Nature Publishing Group, a division of Macmillan Publishers Limited. All Rights Reserved. SN -},
	title = {Scalable architecture for a room temperature solid-state quantum information processor},
	ty = {JOUR},
	url = {https://doi.org/10.1038/ncomms1788},
	volume = {3},
	year = {2012},
	bdsk-url-1 = {https://doi.org/10.1038/ncomms1788}}

@article{Zhou18,
	author = {Chen, Xiao and Zhou, Tianci},
	date-added = {2022-10-10 13:27:01 -0400},
	date-modified = {2022-10-10 13:27:01 -0400},
	doi = {10.1103/PhysRevB.100.064305},
	issue = {6},
	journal = {Phys. Rev. B},
	month = {Aug},
	numpages = {9},
	pages = {064305},
	publisher = {American Physical Society},
	title = {Quantum chaos dynamics in long-range power law interaction systems},
	url = {https://link.aps.org/doi/10.1103/PhysRevB.100.064305},
	volume = {100},
	year = {2019},
	bdsk-url-1 = {https://link.aps.org/doi/10.1103/PhysRevB.100.064305},
	bdsk-url-2 = {https://doi.org/10.1103/PhysRevB.100.064305}}
